day,timestamp,product,bid_price_1,bid_volume_1,bid_price_2,bid_volume_2,bid_price_3,bid_volume_3,ask_price_1,ask_volume_1,ask_price_2,ask_volume_2,ask_price_3,ask_volume_3,mid_price,profit_and_loss
1,0,RAINFOREST_RESIN,9998,9,9995.0,23.0,,,10005,23,,,,,10001.5,0.0
1,100,RAINFOREST_RESIN,10002,1,10000.0,2.0,9998.0,4.0,10004,1,10005.0,21.0,,,10003.0,0.0
1,200,RAINFOREST_RESIN,9996,1,9995.0,21.0,,,10004,1,10005.0,21.0,,,10000.0,0.0
1,300,RAINFOREST_RESIN,9995,26,,,,,10005,26,,,,,10000.0,0.0
1,400,RAINFOREST_RESIN,9998,8,9996.0,2.0,9995.0,26.0,10004,2,10005.0,26.0,,,10001.0,0.0
1,500,RAINFOREST_RESIN,9998,8,9996.0,1.0,9995.0,23.0,10004,1,10005.0,23.0,,,10001.0,0.0
1,600,RAINFOREST_RESIN,9996,2,9995.0,28.0,,,10004,2,10005.0,28.0,,,10000.0,0.0
1,700,RAINFOREST_RESIN,9996,1,9995.0,22.0,,,10004,1,10005.0,22.0,,,10000.0,0.0
1,800,RAINFOREST_RESIN,9996,1,9995.0,24.0,,,10000,3,10004.0,1.0,10005.0,24.0,9998.0,0.0
1,900,RAINFOREST_RESIN,9996,1,9995.0,20.0,,,9998,11,10004.0,1.0,10005.0,20.0,9997.0,0.0
1,1000,RAINFOREST_RESIN,9996,1,9995.0,30.0,,,10004,1,10005.0,30.0,,,10000.0,0.0
1,1100,RAINFOREST_RESIN,9996,1,9995.0,21.0,,,10002,6,10004.0,1.0,10005.0,21.0,9999.0,0.0
1,1200,RAINFOREST_RESIN,9996,1,9995.0,22.0,,,10004,1,10005.0,22.0,,,10000.0,0.0
1,1300,RAINFOREST_RESIN,10002,1,9995.0,25.0,,,10005,25,,,,,10003.5,0.0
1,1400,RAINFOREST_RESIN,9995,23,,,,,10000,6,10005.0,23.0,,,9997.5,0.0
1,1500,RAINFOREST_RESIN,9996,1,9995.0,20.0,,,9998,4,10004.0,1.0,10005.0,20.0,9997.0,0.0
1,1600,RAINFOREST_RESIN,9996,2,9995.0,28.0,,,10004,2,10005.0,28.0,,,10000.0,0.0
1,1700,RAINFOREST_RESIN,9995,28,,,,,10005,28,,,,,10000.0,0.0
1,1800,RAINFOREST_RESIN,10000,4,9995.0,23.0,,,10002,10,10005.0,23.0,,,10001.0,0.0
1,1900,RAINFOREST_RESIN,9996,2,9995.0,30.0,,,10004,2,10005.0,30.0,,,10000.0,0.0
1,2000,RAINFOREST_RESIN,9996,2,9995.0,21.0,,,10004,2,10005.0,21.0,,,10000.0,0.0
1,2100,RAINFOREST_RESIN,9996,2,9995.0,26.0,,,10004,2,10005.0,26.0,,,10000.0,0.0
1,2200,RAINFOREST_RESIN,9996,1,9995.0,20.0,,,9998,4,10004.0,1.0,10005.0,20.0,9997.0,0.0
1,2300,RAINFOREST_RESIN,9996,2,9995.0,22.0,,,10004,2,10005.0,22.0,,,10000.0,0.0
1,2400,RAINFOREST_RESIN,9996,2,9995.0,20.0,,,10004,2,10005.0,20.0,,,10000.0,0.0
1,2500,RAINFOREST_RESIN,9998,3,9996.0,2.0,9995.0,21.0,10004,2,10005.0,21.0,,,10001.0,0.0
1,2600,RAINFOREST_RESIN,10002,1,9996.0,1.0,9995.0,29.0,10004,1,10005.0,29.0,,,10003.0,0.0
1,2700,RAINFOREST_RESIN,9998,7,9996.0,2.0,9995.0,21.0,10004,2,10005.0,21.0,,,10001.0,0.0
1,2800,RAINFOREST_RESIN,9995,27,,,,,10005,27,,,,,10000.0,0.0
1,2900,RAINFOREST_RESIN,9996,2,9995.0,20.0,,,10004,2,10005.0,20.0,,,10000.0,0.0
1,3000,RAINFOREST_RESIN,9996,1,9995.0,29.0,,,10004,1,10005.0,29.0,,,10000.0,0.0
1,3100,RAINFOREST_RESIN,9998,5,9996.0,1.0,9995.0,27.0,10004,1,10005.0,27.0,,,10001.0,0.0
1,3200,RAINFOREST_RESIN,10002,2,9995.0,24.0,,,10005,24,,,,,10003.5,0.0
1,3300,RAINFOREST_RESIN,10002,1,9996.0,1.0,9995.0,24.0,10004,1,10005.0,24.0,,,10003.0,0.0
1,3400,RAINFOREST_RESIN,9998,10,9996.0,2.0,9995.0,27.0,10004,2,10005.0,27.0,,,10001.0,0.0
1,3500,RAINFOREST_RESIN,9995,26,,,,,10002,10,10005.0,26.0,,,9998.5,0.0
1,3600,RAINFOREST_RESIN,9995,27,,,,,10002,8,10005.0,27.0,,,9998.5,0.0
1,3700,RAINFOREST_RESIN,9998,3,9995.0,25.0,,,10005,25,,,,,10001.5,0.0
1,3800,RAINFOREST_RESIN,9995,24,,,,,10005,24,,,,,10000.0,0.0
1,3900,RAINFOREST_RESIN,9996,2,9995.0,24.0,,,10004,2,10005.0,24.0,,,10000.0,0.0
1,4000,RAINFOREST_RESIN,10002,1,9996.0,1.0,9995.0,30.0,10004,1,10005.0,30.0,,,10003.0,0.0
1,4100,RAINFOREST_RESIN,10000,5,9996.0,2.0,9995.0,22.0,10002,4,10004.0,2.0,10005.0,22.0,10001.0,0.0
1,4200,RAINFOREST_RESIN,10002,5,9996.0,1.0,9995.0,28.0,10004,1,10005.0,28.0,,,10003.0,0.0
1,4300,RAINFOREST_RESIN,9995,26,,,,,10002,8,10005.0,26.0,,,9998.5,0.0
1,4400,RAINFOREST_RESIN,9995,28,,,,,10005,28,,,,,10000.0,0.0
1,4500,RAINFOREST_RESIN,9995,26,,,,,10005,26,,,,,10000.0,0.0
1,4600,RAINFOREST_RESIN,9995,21,,,,,10005,21,,,,,10000.0,0.0
1,4700,RAINFOREST_RESIN,9998,5,9995.0,26.0,,,10005,26,,,,,10001.5,0.0
1,4800,RAINFOREST_RESIN,9996,1,9995.0,22.0,,,10004,1,10005.0,22.0,,,10000.0,0.0
1,4900,RAINFOREST_RESIN,9996,2,9995.0,22.0,,,10004,2,10005.0,22.0,,,10000.0,0.0
1,5000,RAINFOREST_RESIN,9998,9,9996.0,1.0,9995.0,30.0,10004,1,10005.0,30.0,,,10001.0,0.0
1,5100,RAINFOREST_RESIN,9995,26,,,,,10005,26,,,,,10000.0,0.0
1,5200,RAINFOREST_RESIN,10000,5,9998.0,7.0,9996.0,2.0,10004,2,10005.0,23.0,,,10002.0,0.0
1,5300,RAINFOREST_RESIN,9995,22,,,,,9998,12,10005.0,22.0,,,9996.5,0.0
1,5400,RAINFOREST_RESIN,9995,30,,,,,10005,30,,,,,10000.0,0.0
1,5500,RAINFOREST_RESIN,9996,1,9995.0,28.0,,,10004,1,10005.0,28.0,,,10000.0,0.0
1,5600,RAINFOREST_RESIN,9998,2,9996.0,2.0,9995.0,23.0,10004,2,10005.0,23.0,,,10001.0,0.0
1,5700,RAINFOREST_RESIN,9996,1,9995.0,30.0,,,10004,1,10005.0,30.0,,,10000.0,0.0
1,5800,RAINFOREST_RESIN,9996,2,9995.0,28.0,,,10004,2,10005.0,28.0,,,10000.0,0.0
1,5900,RAINFOREST_RESIN,9996,2,9995.0,21.0,,,10004,2,10005.0,21.0,,,10000.0,0.0
1,6000,RAINFOREST_RESIN,9995,30,,,,,10002,10,10005.0,30.0,,,9998.5,0.0
1,6100,RAINFOREST_RESIN,9996,1,9995.0,24.0,,,10004,1,10005.0,24.0,,,10000.0,0.0
1,6200,RAINFOREST_RESIN,9998,3,9996.0,1.0,9995.0,29.0,10004,1,10005.0,29.0,,,10001.0,0.0
1,6300,RAINFOREST_RESIN,9995,22,,,,,10005,22,,,,,10000.0,0.0
1,6400,RAINFOREST_RESIN,9996,1,9995.0,23.0,,,10002,6,10004.0,1.0,10005.0,23.0,9999.0,0.0
1,6500,RAINFOREST_RESIN,9995,22,,,,,10005,22,,,,,10000.0,0.0
1,6600,RAINFOREST_RESIN,9996,2,9995.0,27.0,,,10004,2,10005.0,27.0,,,10000.0,0.0
1,6700,RAINFOREST_RESIN,9996,1,9995.0,30.0,,,10004,1,10005.0,30.0,,,10000.0,0.0
1,6800,RAINFOREST_RESIN,10000,5,9996.0,2.0,9995.0,29.0,10004,2,10005.0,29.0,,,10002.0,0.0
1,6900,RAINFOREST_RESIN,9996,2,9995.0,27.0,,,10004,2,10005.0,27.0,,,10000.0,0.0
1,7000,RAINFOREST_RESIN,9996,1,9995.0,30.0,,,10004,1,10005.0,30.0,,,10000.0,0.0
1,7100,RAINFOREST_RESIN,9996,1,9995.0,30.0,,,9998,5,10002.0,7.0,10004.0,1.0,9997.0,0.0
1,7200,RAINFOREST_RESIN,9996,1,9995.0,22.0,,,10002,1,10004.0,1.0,10005.0,22.0,9999.0,0.0
1,7300,RAINFOREST_RESIN,9996,1,9995.0,25.0,,,10004,1,10005.0,25.0,,,10000.0,0.0
1,7400,RAINFOREST_RESIN,10002,1,9995.0,22.0,,,10005,22,,,,,10003.5,0.0
1,7500,RAINFOREST_RESIN,9995,29,,,,,10005,29,,,,,10000.0,0.0
1,7600,RAINFOREST_RESIN,10002,1,9995.0,27.0,,,10005,27,,,,,10003.5,0.0
1,7700,RAINFOREST_RESIN,9996,1,9995.0,25.0,,,10002,5,10004.0,1.0,10005.0,25.0,9999.0,0.0
1,7800,RAINFOREST_RESIN,9995,23,,,,,10005,23,,,,,10000.0,0.0
1,7900,RAINFOREST_RESIN,9996,2,9995.0,22.0,,,10002,7,10004.0,2.0,10005.0,22.0,9999.0,0.0
1,8000,RAINFOREST_RESIN,10000,3,9996.0,2.0,9995.0,28.0,10004,2,10005.0,28.0,,,10002.0,0.0
1,8100,RAINFOREST_RESIN,9995,25,,,,,10005,25,,,,,10000.0,0.0
1,8200,RAINFOREST_RESIN,9996,2,9995.0,25.0,,,10004,2,10005.0,25.0,,,10000.0,0.0
1,8300,RAINFOREST_RESIN,9998,9,9995.0,28.0,,,10005,28,,,,,10001.5,0.0
1,8400,RAINFOREST_RESIN,9998,5,9995.0,29.0,,,10005,29,,,,,10001.5,0.0
1,8500,RAINFOREST_RESIN,9996,2,9995.0,25.0,,,10004,2,10005.0,25.0,,,10000.0,0.0
1,8600,RAINFOREST_RESIN,9996,2,9995.0,27.0,,,10004,2,10005.0,27.0,,,10000.0,0.0
1,8700,RAINFOREST_RESIN,9996,2,9995.0,22.0,,,10004,2,10005.0,22.0,,,10000.0,0.0
1,8800,RAINFOREST_RESIN,9996,1,9995.0,30.0,,,10004,1,10005.0,30.0,,,10000.0,0.0
1,8900,RAINFOREST_RESIN,9995,26,,,,,10005,26,,,,,10000.0,0.0
1,9000,RAINFOREST_RESIN,9995,23,,,,,10005,23,,,,,10000.0,0.0
1,9100,RAINFOREST_RESIN,9995,22,,,,,9998,1,10005.0,22.0,,,9996.5,0.0
1,9200,RAINFOREST_RESIN,9996,2,9995.0,25.0,,,10004,2,10005.0,25.0,,,10000.0,0.0
1,9300,RAINFOREST_RESIN,10002,11,9998.0,1.0,9996.0,1.0,10004,1,10005.0,29.0,,,10003.0,0.0
1,9400,RAINFOREST_RESIN,10002,1,9996.0,2.0,9995.0,28.0,10004,2,10005.0,28.0,,,10003.0,0.0
1,9500,RAINFOREST_RESIN,10002,1,9996.0,2.0,9995.0,24.0,10004,2,10005.0,24.0,,,10003.0,0.0
1,9600,RAINFOREST_RESIN,9996,1,9995.0,20.0,,,10002,6,10004.0,1.0,10005.0,20.0,9999.0,0.0
1,9700,RAINFOREST_RESIN,9996,1,9995.0,30.0,,,10000,4,10004.0,1.0,10005.0,30.0,9998.0,0.0
1,9800,RAINFOREST_RESIN,9998,1,9996.0,2.0,9995.0,24.0,10004,2,10005.0,24.0,,,10001.0,0.0
1,9900,RAINFOREST_RESIN,9995,24,,,,,10005,24,,,,,10000.0,0.0
1,10000,RAINFOREST_RESIN,9995,27,,,,,10005,27,,,,,10000.0,0.0
1,10100,RAINFOREST_RESIN,10002,4,9996.0,1.0,9995.0,20.0,10004,1,10005.0,20.0,,,10003.0,0.0
1,10200,RAINFOREST_RESIN,9995,20,,,,,10005,20,,,,,10000.0,0.0
1,10300,RAINFOREST_RESIN,9996,1,9995.0,24.0,,,10004,1,10005.0,24.0,,,10000.0,0.0
1,10400,RAINFOREST_RESIN,9995,25,,,,,10005,25,,,,,10000.0,0.0
1,10500,RAINFOREST_RESIN,9995,26,,,,,10005,26,,,,,10000.0,0.0
1,10600,RAINFOREST_RESIN,9995,20,,,,,10005,20,,,,,10000.0,0.0
1,10700,RAINFOREST_RESIN,9995,24,,,,,9998,3,10005.0,24.0,,,9996.5,0.0
1,10800,RAINFOREST_RESIN,9995,23,,,,,10002,1,10005.0,23.0,,,9998.5,0.0
1,10900,RAINFOREST_RESIN,9996,1,9995.0,22.0,,,10000,6,10004.0,1.0,10005.0,22.0,9998.0,0.0
1,11000,RAINFOREST_RESIN,9996,1,9995.0,26.0,,,10004,1,10005.0,26.0,,,10000.0,0.0
1,11100,RAINFOREST_RESIN,9996,1,9995.0,30.0,,,10002,1,10004.0,1.0,10005.0,30.0,9999.0,0.0
1,11200,RAINFOREST_RESIN,9996,2,9995.0,28.0,,,10004,2,10005.0,28.0,,,10000.0,0.0
1,11300,RAINFOREST_RESIN,9996,2,9995.0,25.0,,,10002,2,10004.0,2.0,10005.0,25.0,9999.0,0.0
1,11400,RAINFOREST_RESIN,9995,30,,,,,10005,30,,,,,10000.0,0.0
1,11500,RAINFOREST_RESIN,9996,1,9995.0,28.0,,,10004,1,10005.0,28.0,,,10000.0,0.0
1,11600,RAINFOREST_RESIN,9996,2,9995.0,22.0,,,10004,2,10005.0,22.0,,,10000.0,0.0
1,11700,RAINFOREST_RESIN,10000,4,9996.0,2.0,9995.0,20.0,10004,2,10005.0,20.0,,,10002.0,0.0
1,11800,RAINFOREST_RESIN,9998,10,9996.0,1.0,9995.0,21.0,10004,1,10005.0,21.0,,,10001.0,0.0
1,11900,RAINFOREST_RESIN,10002,1,10000.0,4.0,9998.0,1.0,10004,1,10005.0,22.0,,,10003.0,0.0
1,12000,RAINFOREST_RESIN,9996,1,9995.0,27.0,,,10004,1,10005.0,27.0,,,10000.0,0.0
1,12100,RAINFOREST_RESIN,9996,2,9995.0,23.0,,,9998,8,10004.0,2.0,10005.0,23.0,9997.0,0.0
1,12200,RAINFOREST_RESIN,9996,2,9995.0,23.0,,,10004,2,10005.0,23.0,,,10000.0,0.0
1,12300,RAINFOREST_RESIN,9996,1,9995.0,24.0,,,10002,3,10004.0,1.0,10005.0,24.0,9999.0,0.0
1,12400,RAINFOREST_RESIN,10002,1,9998.0,5.0,9995.0,29.0,10005,29,,,,,10003.5,0.0
1,12500,RAINFOREST_RESIN,10000,3,9996.0,1.0,9995.0,22.0,10004,1,10005.0,22.0,,,10002.0,0.0
1,12600,RAINFOREST_RESIN,10000,4,9995.0,26.0,,,10005,26,,,,,10002.5,0.0
1,12700,RAINFOREST_RESIN,10002,1,9996.0,1.0,9995.0,27.0,10004,1,10005.0,27.0,,,10003.0,0.0
1,12800,RAINFOREST_RESIN,10000,4,9996.0,2.0,9995.0,28.0,10002,9,10004.0,2.0,10005.0,28.0,10001.0,0.0
1,12900,RAINFOREST_RESIN,9996,2,9995.0,21.0,,,10002,4,10004.0,2.0,10005.0,21.0,9999.0,0.0
1,13000,RAINFOREST_RESIN,9996,2,9995.0,30.0,,,10002,2,10004.0,2.0,10005.0,30.0,9999.0,0.0
1,13100,RAINFOREST_RESIN,9995,21,,,,,10000,2,10005.0,21.0,,,9997.5,0.0
1,13200,RAINFOREST_RESIN,9998,9,9996.0,2.0,9995.0,29.0,10004,2,10005.0,29.0,,,10001.0,0.0
1,13300,RAINFOREST_RESIN,10002,2,9996.0,1.0,9995.0,22.0,10004,1,10005.0,22.0,,,10003.0,0.0
1,13400,RAINFOREST_RESIN,9995,26,,,,,10005,26,,,,,10000.0,0.0
1,13500,RAINFOREST_RESIN,9996,1,9995.0,24.0,,,10004,1,10005.0,24.0,,,10000.0,0.0
1,13600,RAINFOREST_RESIN,9996,2,9995.0,24.0,,,10002,6,10004.0,2.0,10005.0,24.0,9999.0,0.0
1,13700,RAINFOREST_RESIN,10002,1,9995.0,28.0,,,10005,28,,,,,10003.5,0.0
1,13800,RAINFOREST_RESIN,9998,1,9995.0,23.0,,,10005,23,,,,,10001.5,0.0
1,13900,RAINFOREST_RESIN,9996,1,9995.0,20.0,,,10004,1,10005.0,20.0,,,10000.0,0.0
1,14000,RAINFOREST_RESIN,10002,6,9998.0,1.0,9996.0,1.0,10004,1,10005.0,28.0,,,10003.0,0.0
1,14100,RAINFOREST_RESIN,9996,2,9995.0,20.0,,,10002,4,10004.0,2.0,10005.0,20.0,9999.0,0.0
1,14200,RAINFOREST_RESIN,9995,21,,,,,10005,21,,,,,10000.0,0.0
1,14300,RAINFOREST_RESIN,9996,1,9995.0,21.0,,,10004,1,10005.0,21.0,,,10000.0,0.0
1,14400,RAINFOREST_RESIN,10002,4,9996.0,2.0,9995.0,21.0,10004,2,10005.0,21.0,,,10003.0,0.0
1,14500,RAINFOREST_RESIN,9996,1,9995.0,28.0,,,10002,10,10004.0,1.0,10005.0,28.0,9999.0,0.0
1,14600,RAINFOREST_RESIN,9996,1,9995.0,27.0,,,10004,1,10005.0,27.0,,,10000.0,0.0
1,14700,RAINFOREST_RESIN,9996,1,9995.0,23.0,,,10004,1,10005.0,23.0,,,10000.0,0.0
1,14800,RAINFOREST_RESIN,9996,1,9995.0,30.0,,,9998,1,10004.0,1.0,10005.0,30.0,9997.0,0.0
1,14900,RAINFOREST_RESIN,9996,1,9995.0,25.0,,,10002,1,10004.0,1.0,10005.0,25.0,9999.0,0.0
1,15000,RAINFOREST_RESIN,9996,2,9995.0,25.0,,,10004,2,10005.0,25.0,,,10000.0,0.0
1,15100,RAINFOREST_RESIN,9996,1,9995.0,20.0,,,9998,1,10004.0,1.0,10005.0,20.0,9997.0,0.0
1,15200,RAINFOREST_RESIN,10000,4,9996.0,2.0,9995.0,21.0,10002,4,10004.0,2.0,10005.0,21.0,10001.0,0.0
1,15300,RAINFOREST_RESIN,9996,2,9995.0,22.0,,,10002,7,10004.0,2.0,10005.0,22.0,9999.0,0.0
1,15400,RAINFOREST_RESIN,9995,30,,,,,10005,30,,,,,10000.0,0.0
1,15500,RAINFOREST_RESIN,9995,25,,,,,9998,11,10005.0,25.0,,,9996.5,0.0
1,15600,RAINFOREST_RESIN,9996,1,9995.0,22.0,,,10004,1,10005.0,22.0,,,10000.0,0.0
1,15700,RAINFOREST_RESIN,9996,2,9995.0,28.0,,,10004,2,10005.0,28.0,,,10000.0,0.0
1,15800,RAINFOREST_RESIN,9998,6,9996.0,2.0,9995.0,26.0,10004,2,10005.0,26.0,,,10001.0,0.0
1,15900,RAINFOREST_RESIN,9996,1,9995.0,20.0,,,10002,8,10004.0,1.0,10005.0,20.0,9999.0,0.0
1,16000,RAINFOREST_RESIN,9996,2,9995.0,20.0,,,10004,2,10005.0,20.0,,,10000.0,0.0
1,16100,RAINFOREST_RESIN,9996,1,9995.0,26.0,,,10004,1,10005.0,26.0,,,10000.0,0.0
1,16200,RAINFOREST_RESIN,9995,27,,,,,10002,4,10005.0,27.0,,,9998.5,0.0
1,16300,RAINFOREST_RESIN,9996,1,9995.0,21.0,,,10004,1,10005.0,21.0,,,10000.0,0.0
1,16400,RAINFOREST_RESIN,9996,2,9995.0,25.0,,,10002,6,10004.0,2.0,10005.0,25.0,9999.0,0.0
1,16500,RAINFOREST_RESIN,9995,22,,,,,10005,22,,,,,10000.0,0.0
1,16600,RAINFOREST_RESIN,9995,26,,,,,10005,26,,,,,10000.0,0.0
1,16700,RAINFOREST_RESIN,10002,1,9998.0,2.0,9995.0,25.0,10005,25,,,,,10003.5,0.0
1,16800,RAINFOREST_RESIN,10000,2,9996.0,2.0,9995.0,25.0,10004,2,10005.0,25.0,,,10002.0,0.0
1,16900,RAINFOREST_RESIN,9996,2,9995.0,22.0,,,10004,2,10005.0,22.0,,,10000.0,0.0
1,17000,RAINFOREST_RESIN,9996,1,9995.0,25.0,,,10004,1,10005.0,25.0,,,10000.0,0.0
1,17100,RAINFOREST_RESIN,9996,1,9995.0,26.0,,,10004,1,10005.0,26.0,,,10000.0,0.0
1,17200,RAINFOREST_RESIN,9996,1,9995.0,27.0,,,10004,1,10005.0,27.0,,,10000.0,0.0
1,17300,RAINFOREST_RESIN,9996,1,9995.0,27.0,,,10004,1,10005.0,27.0,,,10000.0,0.0
1,17400,RAINFOREST_RESIN,9995,25,,,,,9998,11,10005.0,25.0,,,9996.5,0.0
1,17500,RAINFOREST_RESIN,9996,2,9995.0,26.0,,,10004,2,10005.0,26.0,,,10000.0,0.0
1,17600,RAINFOREST_RESIN,9996,1,9995.0,29.0,,,10004,1,10005.0,29.0,,,10000.0,0.0
1,17700,RAINFOREST_RESIN,9998,2,9995.0,22.0,,,10005,22,,,,,10001.5,0.0
1,17800,RAINFOREST_RESIN,9996,2,9995.0,30.0,,,9998,3,10002.0,5.0,10004.0,2.0,9997.0,0.0
1,17900,RAINFOREST_RESIN,9995,21,,,,,9998,1,10002.0,3.0,10005.0,21.0,9996.5,0.0
1,18000,RAINFOREST_RESIN,9995,24,,,,,10005,24,,,,,10000.0,0.0
1,18100,RAINFOREST_RESIN,9996,2,9995.0,28.0,,,10004,2,10005.0,28.0,,,10000.0,0.0
1,18200,RAINFOREST_RESIN,9996,2,9995.0,23.0,,,10002,10,10004.0,2.0,10005.0,23.0,9999.0,0.0
1,18300,RAINFOREST_RESIN,9995,20,,,,,10005,20,,,,,10000.0,0.0
1,18400,RAINFOREST_RESIN,9996,1,9995.0,21.0,,,10004,1,10005.0,21.0,,,10000.0,0.0
1,18500,RAINFOREST_RESIN,9996,2,9995.0,21.0,,,10004,2,10005.0,21.0,,,10000.0,0.0
1,18600,RAINFOREST_RESIN,9996,1,9995.0,21.0,,,10004,1,10005.0,21.0,,,10000.0,0.0
1,18700,RAINFOREST_RESIN,10002,1,9995.0,30.0,,,10005,30,,,,,10003.5,0.0
1,18800,RAINFOREST_RESIN,9995,24,,,,,10002,7,10005.0,24.0,,,9998.5,0.0
1,18900,RAINFOREST_RESIN,10002,1,9995.0,25.0,,,10005,25,,,,,10003.5,0.0
1,19000,RAINFOREST_RESIN,9996,1,9995.0,30.0,,,10004,1,10005.0,30.0,,,10000.0,0.0
1,19100,RAINFOREST_RESIN,9996,2,9995.0,21.0,,,10004,2,10005.0,21.0,,,10000.0,0.0
1,19200,RAINFOREST_RESIN,9995,26,,,,,10002,1,10005.0,26.0,,,9998.5,0.0
1,19300,RAINFOREST_RESIN,9996,2,9995.0,23.0,,,9998,6,10004.0,2.0,10005.0,23.0,9997.0,0.0
1,19400,RAINFOREST_RESIN,9996,2,9995.0,24.0,,,10002,5,10004.0,2.0,10005.0,24.0,9999.0,0.0
1,19500,RAINFOREST_RESIN,9995,23,,,,,10005,23,,,,,10000.0,0.0
1,19600,RAINFOREST_RESIN,10002,1,9998.0,5.0,9996.0,1.0,10004,1,10005.0,26.0,,,10003.0,0.0
1,19700,RAINFOREST_RESIN,9996,2,9995.0,29.0,,,10004,2,10005.0,29.0,,,10000.0,0.0
1,19800,RAINFOREST_RESIN,9996,2,9995.0,26.0,,,10004,2,10005.0,26.0,,,10000.0,0.0
1,19900,RAINFOREST_RESIN,9996,1,9995.0,22.0,,,9998,1,10004.0,1.0,10005.0,22.0,9997.0,0.0
1,20000,RAINFOREST_RESIN,9995,26,,,,,9998,1,10005.0,26.0,,,9996.5,0.0
1,20100,RAINFOREST_RESIN,9996,1,9995.0,29.0,,,9998,4,10004.0,1.0,10005.0,29.0,9997.0,0.0
1,20200,RAINFOREST_RESIN,10002,1,9995.0,20.0,,,10005,20,,,,,10003.5,0.0
1,20300,RAINFOREST_RESIN,10002,4,9995.0,24.0,,,10005,24,,,,,10003.5,0.0
1,20400,RAINFOREST_RESIN,10002,2,9996.0,1.0,9995.0,27.0,10004,1,10005.0,27.0,,,10003.0,0.0
1,20500,RAINFOREST_RESIN,9998,7,9996.0,1.0,9995.0,25.0,10004,1,10005.0,25.0,,,10001.0,0.0
1,20600,RAINFOREST_RESIN,9996,1,9995.0,24.0,,,9998,4,10002.0,5.0,10004.0,1.0,9997.0,0.0
1,20700,RAINFOREST_RESIN,9995,30,,,,,10005,30,,,,,10000.0,0.0
1,20800,RAINFOREST_RESIN,9996,2,9995.0,24.0,,,10004,2,10005.0,24.0,,,10000.0,0.0
1,20900,RAINFOREST_RESIN,9996,2,9995.0,29.0,,,10004,2,10005.0,29.0,,,10000.0,0.0
1,21000,RAINFOREST_RESIN,9996,1,9995.0,25.0,,,10004,1,10005.0,25.0,,,10000.0,0.0
1,21100,RAINFOREST_RESIN,9995,28,,,,,10000,2,10005.0,28.0,,,9997.5,0.0
1,21200,RAINFOREST_RESIN,9995,29,,,,,9998,1,10005.0,29.0,,,9996.5,0.0
1,21300,RAINFOREST_RESIN,9995,22,,,,,10005,22,,,,,10000.0,0.0
1,21400,RAINFOREST_RESIN,9996,1,9995.0,29.0,,,10004,1,10005.0,29.0,,,10000.0,0.0
1,21500,RAINFOREST_RESIN,9996,2,9995.0,28.0,,,10004,2,10005.0,28.0,,,10000.0,0.0
1,21600,RAINFOREST_RESIN,9998,5,9996.0,2.0,9995.0,20.0,10004,2,10005.0,20.0,,,10001.0,0.0
1,21700,RAINFOREST_RESIN,9996,2,9995.0,25.0,,,10004,2,10005.0,25.0,,,10000.0,0.0
1,21800,RAINFOREST_RESIN,9996,1,9995.0,25.0,,,10004,1,10005.0,25.0,,,10000.0,0.0
1,21900,RAINFOREST_RESIN,9995,27,,,,,10002,3,10005.0,27.0,,,9998.5,0.0
1,22000,RAINFOREST_RESIN,9996,2,9995.0,20.0,,,10004,2,10005.0,20.0,,,10000.0,0.0
1,22100,RAINFOREST_RESIN,9995,22,,,,,10005,22,,,,,10000.0,0.0
1,22200,RAINFOREST_RESIN,10002,1,9995.0,23.0,,,10005,23,,,,,10003.5,0.0
1,22300,RAINFOREST_RESIN,9996,2,9995.0,28.0,,,10004,2,10005.0,28.0,,,10000.0,0.0
1,22400,RAINFOREST_RESIN,9996,1,9995.0,23.0,,,10002,2,10004.0,1.0,10005.0,23.0,9999.0,0.0
1,22500,RAINFOREST_RESIN,9998,2,9995.0,27.0,,,10005,27,,,,,10001.5,0.0
1,22600,RAINFOREST_RESIN,9998,5,9996.0,1.0,9995.0,25.0,10004,1,10005.0,25.0,,,10001.0,0.0
1,22700,RAINFOREST_RESIN,9996,1,9995.0,25.0,,,10002,9,10004.0,1.0,10005.0,25.0,9999.0,0.0
1,22800,RAINFOREST_RESIN,10002,1,9996.0,1.0,9995.0,26.0,10004,1,10005.0,26.0,,,10003.0,0.0
1,22900,RAINFOREST_RESIN,10002,2,9996.0,1.0,9995.0,22.0,10004,1,10005.0,22.0,,,10003.0,0.0
1,23000,RAINFOREST_RESIN,9996,1,9995.0,20.0,,,10002,2,10004.0,1.0,10005.0,20.0,9999.0,0.0
1,23100,RAINFOREST_RESIN,9996,2,9995.0,26.0,,,10004,2,10005.0,26.0,,,10000.0,0.0
1,23200,RAINFOREST_RESIN,9996,1,9995.0,24.0,,,10002,4,10004.0,1.0,10005.0,24.0,9999.0,0.0
1,23300,RAINFOREST_RESIN,9996,2,9995.0,21.0,,,10004,2,10005.0,21.0,,,10000.0,0.0
1,23400,RAINFOREST_RESIN,9996,1,9995.0,29.0,,,10004,1,10005.0,29.0,,,10000.0,0.0
1,23500,RAINFOREST_RESIN,9996,1,9995.0,30.0,,,10004,1,10005.0,30.0,,,10000.0,0.0
1,23600,RAINFOREST_RESIN,9996,2,9995.0,25.0,,,10004,2,10005.0,25.0,,,10000.0,0.0
1,23700,RAINFOREST_RESIN,9996,1,9995.0,20.0,,,10004,1,10005.0,20.0,,,10000.0,0.0
1,23800,RAINFOREST_RESIN,9995,22,,,,,10005,22,,,,,10000.0,0.0
1,23900,RAINFOREST_RESIN,9995,27,,,,,10005,27,,,,,10000.0,0.0
1,24000,RAINFOREST_RESIN,9995,29,,,,,10005,29,,,,,10000.0,0.0
1,24100,RAINFOREST_RESIN,9996,2,9995.0,20.0,,,10004,2,10005.0,20.0,,,10000.0,0.0
1,24200,RAINFOREST_RESIN,9996,1,9995.0,23.0,,,10002,7,10004.0,1.0,10005.0,23.0,9999.0,0.0
1,24300,RAINFOREST_RESIN,10002,1,9995.0,27.0,,,10005,27,,,,,10003.5,0.0
1,24400,RAINFOREST_RESIN,9996,1,9995.0,28.0,,,10004,1,10005.0,28.0,,,10000.0,0.0
1,24500,RAINFOREST_RESIN,9996,2,9995.0,24.0,,,10002,10,10004.0,2.0,10005.0,24.0,9999.0,0.0
1,24600,RAINFOREST_RESIN,9996,2,9995.0,22.0,,,10002,10,10004.0,2.0,10005.0,22.0,9999.0,0.0
1,24700,RAINFOREST_RESIN,9996,2,9995.0,20.0,,,10004,2,10005.0,20.0,,,10000.0,0.0
1,24800,RAINFOREST_RESIN,9995,28,,,,,10005,28,,,,,10000.0,0.0
1,24900,RAINFOREST_RESIN,9998,7,9995.0,24.0,,,10005,24,,,,,10001.5,0.0
1,25000,RAINFOREST_RESIN,10002,1,9996.0,1.0,9995.0,27.0,10004,1,10005.0,27.0,,,10003.0,0.0
1,25100,RAINFOREST_RESIN,9998,8,9996.0,1.0,9995.0,26.0,10004,1,10005.0,26.0,,,10001.0,0.0
1,25200,RAINFOREST_RESIN,9996,2,9995.0,24.0,,,10000,4,10004.0,2.0,10005.0,24.0,9998.0,0.0
1,25300,RAINFOREST_RESIN,9998,9,9996.0,1.0,9995.0,21.0,10004,1,10005.0,21.0,,,10001.0,0.0
1,25400,RAINFOREST_RESIN,10002,3,9996.0,2.0,9995.0,27.0,10004,2,10005.0,27.0,,,10003.0,0.0
1,25500,RAINFOREST_RESIN,9996,1,9995.0,23.0,,,10004,1,10005.0,23.0,,,10000.0,0.0
1,25600,RAINFOREST_RESIN,9995,24,,,,,10005,24,,,,,10000.0,0.0
1,25700,RAINFOREST_RESIN,9996,1,9995.0,24.0,,,10004,1,10005.0,24.0,,,10000.0,0.0
1,25800,RAINFOREST_RESIN,10002,1,9996.0,2.0,9995.0,27.0,10004,2,10005.0,27.0,,,10003.0,0.0
1,25900,RAINFOREST_RESIN,9996,2,9995.0,27.0,,,10004,2,10005.0,27.0,,,10000.0,0.0
1,26000,RAINFOREST_RESIN,9995,27,,,,,10005,27,,,,,10000.0,0.0
1,26100,RAINFOREST_RESIN,10002,1,9998.0,3.0,9996.0,1.0,10004,1,10005.0,24.0,,,10003.0,0.0
1,26200,RAINFOREST_RESIN,10002,1,9996.0,2.0,9995.0,27.0,10004,2,10005.0,27.0,,,10003.0,0.0
1,26300,RAINFOREST_RESIN,9996,1,9995.0,25.0,,,10002,1,10004.0,1.0,10005.0,25.0,9999.0,0.0
1,26400,RAINFOREST_RESIN,9995,27,,,,,10005,27,,,,,10000.0,0.0
1,26500,RAINFOREST_RESIN,9996,1,9995.0,21.0,,,10004,1,10005.0,21.0,,,10000.0,0.0
1,26600,RAINFOREST_RESIN,9996,2,9995.0,29.0,,,9998,4,10004.0,2.0,10005.0,29.0,9997.0,0.0
1,26700,RAINFOREST_RESIN,9995,26,,,,,10005,26,,,,,10000.0,0.0
1,26800,RAINFOREST_RESIN,10002,1,9998.0,7.0,9995.0,20.0,10005,20,,,,,10003.5,0.0
1,26900,RAINFOREST_RESIN,9995,22,,,,,10005,22,,,,,10000.0,0.0
1,27000,RAINFOREST_RESIN,9998,2,9996.0,1.0,9995.0,26.0,10004,1,10005.0,26.0,,,10001.0,0.0
1,27100,RAINFOREST_RESIN,9996,2,9995.0,27.0,,,9998,1,10002.0,10.0,10004.0,2.0,9997.0,0.0
1,27200,RAINFOREST_RESIN,9998,3,9996.0,2.0,9995.0,23.0,10004,2,10005.0,23.0,,,10001.0,0.0
1,27300,RAINFOREST_RESIN,9995,25,,,,,10002,8,10005.0,25.0,,,9998.5,0.0
1,27400,RAINFOREST_RESIN,9996,1,9995.0,22.0,,,9998,3,10004.0,1.0,10005.0,22.0,9997.0,0.0
1,27500,RAINFOREST_RESIN,9995,30,,,,,10005,30,,,,,10000.0,0.0
1,27600,RAINFOREST_RESIN,9996,2,9995.0,26.0,,,10002,4,10004.0,2.0,10005.0,26.0,9999.0,0.0
1,27700,RAINFOREST_RESIN,9996,2,9995.0,30.0,,,10004,2,10005.0,30.0,,,10000.0,0.0
1,27800,RAINFOREST_RESIN,9998,2,9996.0,2.0,9995.0,20.0,10004,2,10005.0,20.0,,,10001.0,0.0
1,27900,RAINFOREST_RESIN,9995,29,,,,,10005,29,,,,,10000.0,0.0
1,28000,RAINFOREST_RESIN,9995,22,,,,,10005,22,,,,,10000.0,0.0
1,28100,RAINFOREST_RESIN,9996,1,9995.0,20.0,,,10004,1,10005.0,20.0,,,10000.0,0.0
1,28200,RAINFOREST_RESIN,9995,23,,,,,10005,23,,,,,10000.0,0.0
1,28300,RAINFOREST_RESIN,9996,2,9995.0,28.0,,,10004,2,10005.0,28.0,,,10000.0,0.0
1,28400,RAINFOREST_RESIN,9995,20,,,,,10002,8,10005.0,20.0,,,9998.5,0.0
1,28500,RAINFOREST_RESIN,9996,2,9995.0,28.0,,,10004,2,10005.0,28.0,,,10000.0,0.0
1,28600,RAINFOREST_RESIN,9996,2,9995.0,26.0,,,10000,5,10002.0,5.0,10004.0,2.0,9998.0,0.0
1,28700,RAINFOREST_RESIN,9998,8,9996.0,2.0,9995.0,22.0,10004,2,10005.0,22.0,,,10001.0,0.0
1,28800,RAINFOREST_RESIN,9995,21,,,,,10002,8,10005.0,21.0,,,9998.5,0.0
1,28900,RAINFOREST_RESIN,9996,1,9995.0,22.0,,,10002,5,10004.0,1.0,10005.0,22.0,9999.0,0.0
1,29000,RAINFOREST_RESIN,10002,1,9996.0,2.0,9995.0,24.0,10004,2,10005.0,24.0,,,10003.0,0.0
1,29100,RAINFOREST_RESIN,9995,23,,,,,10002,2,10005.0,23.0,,,9998.5,0.0
1,29200,RAINFOREST_RESIN,9996,1,9995.0,22.0,,,10004,1,10005.0,22.0,,,10000.0,0.0
1,29300,RAINFOREST_RESIN,9996,1,9995.0,22.0,,,10004,1,10005.0,22.0,,,10000.0,0.0
1,29400,RAINFOREST_RESIN,9996,2,9995.0,23.0,,,10002,4,10004.0,2.0,10005.0,23.0,9999.0,0.0
1,29500,RAINFOREST_RESIN,9998,6,9995.0,20.0,,,10005,20,,,,,10001.5,0.0
1,29600,RAINFOREST_RESIN,9996,1,9995.0,26.0,,,10000,4,10004.0,1.0,10005.0,26.0,9998.0,0.0
1,29700,RAINFOREST_RESIN,9996,1,9995.0,22.0,,,10002,7,10004.0,1.0,10005.0,22.0,9999.0,0.0
1,29800,RAINFOREST_RESIN,9995,25,,,,,10005,25,,,,,10000.0,0.0
1,29900,RAINFOREST_RESIN,9996,2,9995.0,30.0,,,10004,2,10005.0,30.0,,,10000.0,0.0
1,30000,RAINFOREST_RESIN,9998,10,9996.0,2.0,9995.0,23.0,10004,2,10005.0,23.0,,,10001.0,0.0
1,30100,RAINFOREST_RESIN,9996,1,9995.0,20.0,,,10004,1,10005.0,20.0,,,10000.0,0.0
1,30200,RAINFOREST_RESIN,9996,2,9995.0,28.0,,,9998,1,10002.0,8.0,10004.0,2.0,9997.0,0.0
1,30300,RAINFOREST_RESIN,10002,4,9996.0,2.0,9995.0,29.0,10004,2,10005.0,29.0,,,10003.0,0.0
1,30400,RAINFOREST_RESIN,9995,30,,,,,10005,30,,,,,10000.0,0.0
1,30500,RAINFOREST_RESIN,9996,2,9995.0,28.0,,,10004,2,10005.0,28.0,,,10000.0,0.0
1,30600,RAINFOREST_RESIN,10002,1,9996.0,2.0,9995.0,30.0,10004,2,10005.0,30.0,,,10003.0,0.0
1,30700,RAINFOREST_RESIN,9996,2,9995.0,27.0,,,10004,2,10005.0,27.0,,,10000.0,0.0
1,30800,RAINFOREST_RESIN,9998,8,9996.0,2.0,9995.0,29.0,10004,2,10005.0,29.0,,,10001.0,0.0
1,30900,RAINFOREST_RESIN,9995,21,,,,,10005,21,,,,,10000.0,0.0
1,31000,RAINFOREST_RESIN,9996,2,9995.0,26.0,,,10002,2,10004.0,2.0,10005.0,26.0,9999.0,0.0
1,31100,RAINFOREST_RESIN,10002,1,9995.0,23.0,,,10005,23,,,,,10003.5,0.0
1,31200,RAINFOREST_RESIN,9996,1,9995.0,21.0,,,10002,6,10004.0,1.0,10005.0,21.0,9999.0,0.0
1,31300,RAINFOREST_RESIN,9996,2,9995.0,20.0,,,10004,2,10005.0,20.0,,,10000.0,0.0
1,31400,RAINFOREST_RESIN,9995,22,,,,,10005,22,,,,,10000.0,0.0
1,31500,RAINFOREST_RESIN,9996,1,9995.0,21.0,,,10004,1,10005.0,21.0,,,10000.0,0.0
1,31600,RAINFOREST_RESIN,9995,24,,,,,9998,3,10005.0,24.0,,,9996.5,0.0
1,31700,RAINFOREST_RESIN,9995,29,,,,,10002,3,10005.0,29.0,,,9998.5,0.0
1,31800,RAINFOREST_RESIN,9996,2,9995.0,22.0,,,10002,2,10004.0,2.0,10005.0,22.0,9999.0,0.0
1,31900,RAINFOREST_RESIN,9996,2,9995.0,26.0,,,10004,2,10005.0,26.0,,,10000.0,0.0
1,32000,RAINFOREST_RESIN,9996,2,9995.0,20.0,,,10002,10,10004.0,2.0,10005.0,20.0,9999.0,0.0
1,32100,RAINFOREST_RESIN,9998,9,9995.0,25.0,,,10005,25,,,,,10001.5,0.0
1,32200,RAINFOREST_RESIN,9996,1,9995.0,24.0,,,10002,5,10004.0,1.0,10005.0,24.0,9999.0,0.0
1,32300,RAINFOREST_RESIN,10000,3,9996.0,2.0,9995.0,30.0,10004,2,10005.0,30.0,,,10002.0,0.0
1,32400,RAINFOREST_RESIN,9998,2,9995.0,29.0,,,10005,29,,,,,10001.5,0.0
1,32500,RAINFOREST_RESIN,10002,1,9996.0,2.0,9995.0,24.0,10004,2,10005.0,24.0,,,10003.0,0.0
1,32600,RAINFOREST_RESIN,9998,1,9996.0,2.0,9995.0,26.0,10004,2,10005.0,26.0,,,10001.0,0.0
1,32700,RAINFOREST_RESIN,9996,2,9995.0,30.0,,,10004,2,10005.0,30.0,,,10000.0,0.0
1,32800,RAINFOREST_RESIN,9995,29,,,,,10005,29,,,,,10000.0,0.0
1,32900,RAINFOREST_RESIN,9996,1,9995.0,20.0,,,10002,10,10004.0,1.0,10005.0,20.0,9999.0,0.0
1,33000,RAINFOREST_RESIN,9998,2,9995.0,28.0,,,10005,28,,,,,10001.5,0.0
1,33100,RAINFOREST_RESIN,9996,1,9995.0,25.0,,,10004,1,10005.0,25.0,,,10000.0,0.0
1,33200,RAINFOREST_RESIN,9996,1,9995.0,23.0,,,10004,1,10005.0,23.0,,,10000.0,0.0
1,33300,RAINFOREST_RESIN,9996,1,9995.0,30.0,,,10002,1,10004.0,1.0,10005.0,30.0,9999.0,0.0
1,33400,RAINFOREST_RESIN,9995,20,,,,,10005,20,,,,,10000.0,0.0
1,33500,RAINFOREST_RESIN,9996,2,9995.0,21.0,,,10002,4,10004.0,2.0,10005.0,21.0,9999.0,0.0
1,33600,RAINFOREST_RESIN,9995,27,,,,,9998,2,10005.0,27.0,,,9996.5,0.0
1,33700,RAINFOREST_RESIN,9996,1,9995.0,25.0,,,10004,1,10005.0,25.0,,,10000.0,0.0
1,33800,RAINFOREST_RESIN,9995,21,,,,,10002,4,10005.0,21.0,,,9998.5,0.0
1,33900,RAINFOREST_RESIN,9996,1,9995.0,27.0,,,10004,1,10005.0,27.0,,,10000.0,0.0
1,34000,RAINFOREST_RESIN,9996,2,9995.0,28.0,,,10004,2,10005.0,28.0,,,10000.0,0.0
1,34100,RAINFOREST_RESIN,9996,2,9995.0,25.0,,,10004,2,10005.0,25.0,,,10000.0,0.0
1,34200,RAINFOREST_RESIN,9996,2,9995.0,30.0,,,10002,2,10004.0,2.0,10005.0,30.0,9999.0,0.0
1,34300,RAINFOREST_RESIN,9996,1,9995.0,28.0,,,10004,1,10005.0,28.0,,,10000.0,0.0
1,34400,RAINFOREST_RESIN,9996,2,9995.0,28.0,,,10004,2,10005.0,28.0,,,10000.0,0.0
1,34500,RAINFOREST_RESIN,9996,2,9995.0,22.0,,,10004,2,10005.0,22.0,,,10000.0,0.0
1,34600,RAINFOREST_RESIN,9995,24,,,,,10005,24,,,,,10000.0,0.0
1,34700,RAINFOREST_RESIN,9996,2,9995.0,23.0,,,10004,2,10005.0,23.0,,,10000.0,0.0
1,34800,RAINFOREST_RESIN,9998,3,9996.0,2.0,9995.0,22.0,10004,2,10005.0,22.0,,,10001.0,0.0
1,34900,RAINFOREST_RESIN,9995,24,,,,,10005,24,,,,,10000.0,0.0
1,35000,RAINFOREST_RESIN,9995,29,,,,,10005,29,,,,,10000.0,0.0
1,35100,RAINFOREST_RESIN,9996,2,9995.0,21.0,,,10004,2,10005.0,21.0,,,10000.0,0.0
1,35200,RAINFOREST_RESIN,9995,24,,,,,10005,24,,,,,10000.0,0.0
1,35300,RAINFOREST_RESIN,9998,8,9996.0,1.0,9995.0,22.0,10004,1,10005.0,22.0,,,10001.0,0.0
1,35400,RAINFOREST_RESIN,10002,1,9996.0,2.0,9995.0,25.0,10004,2,10005.0,25.0,,,10003.0,0.0
1,35500,RAINFOREST_RESIN,9996,2,9995.0,27.0,,,10004,2,10005.0,27.0,,,10000.0,0.0
1,35600,RAINFOREST_RESIN,9996,1,9995.0,23.0,,,10002,3,10004.0,1.0,10005.0,23.0,9999.0,0.0
1,35700,RAINFOREST_RESIN,9996,2,9995.0,29.0,,,10002,9,10004.0,2.0,10005.0,29.0,9999.0,0.0
1,35800,RAINFOREST_RESIN,9996,2,9995.0,21.0,,,10004,2,10005.0,21.0,,,10000.0,0.0
1,35900,RAINFOREST_RESIN,9996,2,9995.0,28.0,,,10004,2,10005.0,28.0,,,10000.0,0.0
1,36000,RAINFOREST_RESIN,9995,30,,,,,10000,2,10002.0,9.0,10005.0,30.0,9997.5,0.0
1,36100,RAINFOREST_RESIN,9998,7,9996.0,2.0,9995.0,21.0,10004,2,10005.0,21.0,,,10001.0,0.0
1,36200,RAINFOREST_RESIN,9998,5,9996.0,1.0,9995.0,29.0,10004,1,10005.0,29.0,,,10001.0,0.0
1,36300,RAINFOREST_RESIN,9996,1,9995.0,30.0,,,10004,1,10005.0,30.0,,,10000.0,0.0
1,36400,RAINFOREST_RESIN,9996,1,9995.0,28.0,,,10002,8,10004.0,1.0,10005.0,28.0,9999.0,0.0
1,36500,RAINFOREST_RESIN,9996,2,9995.0,27.0,,,10004,2,10005.0,27.0,,,10000.0,0.0
1,36600,RAINFOREST_RESIN,9996,1,9995.0,30.0,,,10000,2,10004.0,1.0,10005.0,30.0,9998.0,0.0
1,36700,RAINFOREST_RESIN,10002,1,9996.0,1.0,9995.0,21.0,10004,1,10005.0,21.0,,,10003.0,0.0
1,36800,RAINFOREST_RESIN,9996,2,9995.0,23.0,,,10004,2,10005.0,23.0,,,10000.0,0.0
1,36900,RAINFOREST_RESIN,9998,6,9995.0,22.0,,,10005,22,,,,,10001.5,0.0
1,37000,RAINFOREST_RESIN,9996,2,9995.0,20.0,,,10004,2,10005.0,20.0,,,10000.0,0.0
1,37100,RAINFOREST_RESIN,10000,5,9995.0,24.0,,,10005,24,,,,,10002.5,0.0
1,37200,RAINFOREST_RESIN,9996,2,9995.0,27.0,,,10004,2,10005.0,27.0,,,10000.0,0.0
1,37300,RAINFOREST_RESIN,9996,1,9995.0,22.0,,,10004,1,10005.0,22.0,,,10000.0,0.0
1,37400,RAINFOREST_RESIN,9995,22,,,,,10005,22,,,,,10000.0,0.0
1,37500,RAINFOREST_RESIN,10000,5,9996.0,1.0,9995.0,30.0,10004,1,10005.0,30.0,,,10002.0,0.0
1,37600,RAINFOREST_RESIN,9996,1,9995.0,24.0,,,10004,1,10005.0,24.0,,,10000.0,0.0
1,37700,RAINFOREST_RESIN,10002,1,9995.0,20.0,,,10005,20,,,,,10003.5,0.0
1,37800,RAINFOREST_RESIN,9996,2,9995.0,23.0,,,10004,2,10005.0,23.0,,,10000.0,0.0
1,37900,RAINFOREST_RESIN,9996,2,9995.0,27.0,,,10004,2,10005.0,27.0,,,10000.0,0.0
1,38000,RAINFOREST_RESIN,9998,3,9995.0,30.0,,,10005,30,,,,,10001.5,0.0
1,38100,RAINFOREST_RESIN,9998,4,9996.0,1.0,9995.0,28.0,10004,1,10005.0,28.0,,,10001.0,0.0
1,38200,RAINFOREST_RESIN,9998,4,9996.0,2.0,9995.0,29.0,10004,2,10005.0,29.0,,,10001.0,0.0
1,38300,RAINFOREST_RESIN,9995,22,,,,,10005,22,,,,,10000.0,0.0
1,38400,RAINFOREST_RESIN,9996,2,9995.0,29.0,,,10004,2,10005.0,29.0,,,10000.0,0.0
1,38500,RAINFOREST_RESIN,9996,2,9995.0,22.0,,,10004,2,10005.0,22.0,,,10000.0,0.0
1,38600,RAINFOREST_RESIN,10002,1,9996.0,2.0,9995.0,29.0,10004,2,10005.0,29.0,,,10003.0,0.0
1,38700,RAINFOREST_RESIN,9996,2,9995.0,20.0,,,10004,2,10005.0,20.0,,,10000.0,0.0
1,38800,RAINFOREST_RESIN,9996,2,9995.0,25.0,,,10004,2,10005.0,25.0,,,10000.0,0.0
1,38900,RAINFOREST_RESIN,9996,2,9995.0,23.0,,,10004,2,10005.0,23.0,,,10000.0,0.0
1,39000,RAINFOREST_RESIN,9996,1,9995.0,23.0,,,10000,3,10004.0,1.0,10005.0,23.0,9998.0,0.0
1,39100,RAINFOREST_RESIN,9996,2,9995.0,28.0,,,9998,3,10004.0,2.0,10005.0,28.0,9997.0,0.0
1,39200,RAINFOREST_RESIN,9995,21,,,,,10000,4,10005.0,21.0,,,9997.5,0.0
1,39300,RAINFOREST_RESIN,9995,24,,,,,10005,24,,,,,10000.0,0.0
1,39400,RAINFOREST_RESIN,9995,21,,,,,10005,21,,,,,10000.0,0.0
1,39500,RAINFOREST_RESIN,9995,29,,,,,10005,29,,,,,10000.0,0.0
1,39600,RAINFOREST_RESIN,9996,1,9995.0,30.0,,,10004,1,10005.0,30.0,,,10000.0,0.0
1,39700,RAINFOREST_RESIN,9996,1,9995.0,29.0,,,10000,6,10004.0,1.0,10005.0,29.0,9998.0,0.0
1,39800,RAINFOREST_RESIN,9996,2,9995.0,22.0,,,9998,1,10004.0,2.0,10005.0,22.0,9997.0,0.0
1,39900,RAINFOREST_RESIN,9998,10,9996.0,1.0,9995.0,28.0,10004,1,10005.0,28.0,,,10001.0,0.0
1,40000,RAINFOREST_RESIN,10002,11,9996.0,1.0,9995.0,25.0,10004,1,10005.0,25.0,,,10003.0,0.0
1,40100,RAINFOREST_RESIN,9995,30,,,,,10005,30,,,,,10000.0,0.0
1,40200,RAINFOREST_RESIN,9996,1,9995.0,24.0,,,10002,7,10004.0,1.0,10005.0,24.0,9999.0,0.0
1,40300,RAINFOREST_RESIN,10002,4,9996.0,1.0,9995.0,29.0,10004,1,10005.0,29.0,,,10003.0,0.0
1,40400,RAINFOREST_RESIN,9996,2,9995.0,23.0,,,10004,2,10005.0,23.0,,,10000.0,0.0
1,40500,RAINFOREST_RESIN,9996,1,9995.0,21.0,,,10004,1,10005.0,21.0,,,10000.0,0.0
1,40600,RAINFOREST_RESIN,10002,1,9995.0,28.0,,,10005,28,,,,,10003.5,0.0
1,40700,RAINFOREST_RESIN,9998,10,9996.0,1.0,9995.0,29.0,10004,1,10005.0,29.0,,,10001.0,0.0
1,40800,RAINFOREST_RESIN,9995,21,,,,,10005,21,,,,,10000.0,0.0
1,40900,RAINFOREST_RESIN,9998,2,9995.0,25.0,,,10005,25,,,,,10001.5,0.0
1,41000,RAINFOREST_RESIN,9998,10,9996.0,1.0,9995.0,20.0,10000,2,10004.0,1.0,10005.0,20.0,9999.0,0.0
1,41100,RAINFOREST_RESIN,9996,2,9995.0,23.0,,,10004,2,10005.0,23.0,,,10000.0,0.0
1,41200,RAINFOREST_RESIN,9995,20,,,,,10005,20,,,,,10000.0,0.0
1,41300,RAINFOREST_RESIN,9995,27,,,,,10005,27,,,,,10000.0,0.0
1,41400,RAINFOREST_RESIN,9996,1,9995.0,29.0,,,10004,1,10005.0,29.0,,,10000.0,0.0
1,41500,RAINFOREST_RESIN,9996,2,9995.0,29.0,,,10004,2,10005.0,29.0,,,10000.0,0.0
1,41600,RAINFOREST_RESIN,9995,26,,,,,10005,26,,,,,10000.0,0.0
1,41700,RAINFOREST_RESIN,9995,23,,,,,10005,23,,,,,10000.0,0.0
1,41800,RAINFOREST_RESIN,9996,1,9995.0,21.0,,,10004,1,10005.0,21.0,,,10000.0,0.0
1,41900,RAINFOREST_RESIN,9995,28,,,,,10002,8,10005.0,28.0,,,9998.5,0.0
1,42000,RAINFOREST_RESIN,9996,1,9995.0,27.0,,,9998,1,10004.0,1.0,10005.0,27.0,9997.0,0.0
1,42100,RAINFOREST_RESIN,10002,2,9995.0,22.0,,,10005,22,,,,,10003.5,0.0
1,42200,RAINFOREST_RESIN,9995,22,,,,,10005,22,,,,,10000.0,0.0
1,42300,RAINFOREST_RESIN,9996,2,9995.0,20.0,,,10004,2,10005.0,20.0,,,10000.0,0.0
1,42400,RAINFOREST_RESIN,9996,2,9995.0,26.0,,,10002,2,10004.0,2.0,10005.0,26.0,9999.0,0.0
1,42500,RAINFOREST_RESIN,9995,24,,,,,10005,24,,,,,10000.0,0.0
1,42600,RAINFOREST_RESIN,9995,28,,,,,10005,28,,,,,10000.0,0.0
1,42700,RAINFOREST_RESIN,9996,1,9995.0,23.0,,,10004,1,10005.0,23.0,,,10000.0,0.0
1,42800,RAINFOREST_RESIN,9995,29,,,,,10000,2,10005.0,29.0,,,9997.5,0.0
1,42900,RAINFOREST_RESIN,10002,5,9995.0,20.0,,,10005,20,,,,,10003.5,0.0
1,43000,RAINFOREST_RESIN,9996,1,9995.0,26.0,,,10002,6,10004.0,1.0,10005.0,26.0,9999.0,0.0
1,43100,RAINFOREST_RESIN,9998,9,9996.0,1.0,9995.0,24.0,10004,1,10005.0,24.0,,,10001.0,0.0
1,43200,RAINFOREST_RESIN,9996,2,9995.0,29.0,,,10002,5,10004.0,2.0,10005.0,29.0,9999.0,0.0
1,43300,RAINFOREST_RESIN,9998,10,9995.0,20.0,,,10005,20,,,,,10001.5,0.0
1,43400,RAINFOREST_RESIN,9996,2,9995.0,22.0,,,10004,2,10005.0,22.0,,,10000.0,0.0
1,43500,RAINFOREST_RESIN,9996,1,9995.0,24.0,,,10002,7,10004.0,1.0,10005.0,24.0,9999.0,0.0
1,43600,RAINFOREST_RESIN,9995,22,,,,,10002,5,10005.0,22.0,,,9998.5,0.0
1,43700,RAINFOREST_RESIN,9996,1,9995.0,29.0,,,10002,6,10004.0,1.0,10005.0,29.0,9999.0,0.0
1,43800,RAINFOREST_RESIN,9996,1,9995.0,22.0,,,10004,1,10005.0,22.0,,,10000.0,0.0
1,43900,RAINFOREST_RESIN,9996,2,9995.0,24.0,,,10002,2,10004.0,2.0,10005.0,24.0,9999.0,0.0
1,44000,RAINFOREST_RESIN,10002,4,9998.0,10.0,9996.0,2.0,10004,2,10005.0,25.0,,,10003.0,0.0
1,44100,RAINFOREST_RESIN,9996,2,9995.0,22.0,,,10004,2,10005.0,22.0,,,10000.0,0.0
1,44200,RAINFOREST_RESIN,9995,24,,,,,10005,24,,,,,10000.0,0.0
1,44300,RAINFOREST_RESIN,9996,2,9995.0,24.0,,,9998,2,10004.0,2.0,10005.0,24.0,9997.0,0.0
1,44400,RAINFOREST_RESIN,9996,1,9995.0,25.0,,,10002,7,10004.0,1.0,10005.0,25.0,9999.0,0.0
1,44500,RAINFOREST_RESIN,9995,30,,,,,10005,30,,,,,10000.0,0.0
1,44600,RAINFOREST_RESIN,9996,1,9995.0,21.0,,,10004,1,10005.0,21.0,,,10000.0,0.0
1,44700,RAINFOREST_RESIN,9996,2,9995.0,25.0,,,10004,2,10005.0,25.0,,,10000.0,0.0
1,44800,RAINFOREST_RESIN,9995,25,,,,,10005,25,,,,,10000.0,0.0
1,44900,RAINFOREST_RESIN,9996,2,9995.0,21.0,,,10004,2,10005.0,21.0,,,10000.0,0.0
1,45000,RAINFOREST_RESIN,9996,1,9995.0,27.0,,,10004,1,10005.0,27.0,,,10000.0,0.0
1,45100,RAINFOREST_RESIN,9995,27,,,,,9998,1,10005.0,27.0,,,9996.5,0.0
1,45200,RAINFOREST_RESIN,10002,1,9996.0,1.0,9995.0,20.0,10004,1,10005.0,20.0,,,10003.0,0.0
1,45300,RAINFOREST_RESIN,9995,23,,,,,10005,23,,,,,10000.0,0.0
1,45400,RAINFOREST_RESIN,9998,4,9995.0,25.0,,,10005,25,,,,,10001.5,0.0
1,45500,RAINFOREST_RESIN,9996,1,9995.0,20.0,,,9998,3,10004.0,1.0,10005.0,20.0,9997.0,0.0
1,45600,RAINFOREST_RESIN,9996,1,9995.0,23.0,,,10004,1,10005.0,23.0,,,10000.0,0.0
1,45700,RAINFOREST_RESIN,10002,1,9996.0,2.0,9995.0,21.0,10004,2,10005.0,21.0,,,10003.0,0.0
1,45800,RAINFOREST_RESIN,10000,5,9998.0,7.0,9996.0,2.0,10004,2,10005.0,30.0,,,10002.0,0.0
1,45900,RAINFOREST_RESIN,9998,8,9996.0,1.0,9995.0,25.0,10004,1,10005.0,25.0,,,10001.0,0.0
1,46000,RAINFOREST_RESIN,9995,23,,,,,9998,1,10005.0,23.0,,,9996.5,0.0
1,46100,RAINFOREST_RESIN,9995,25,,,,,10005,25,,,,,10000.0,0.0
1,46200,RAINFOREST_RESIN,9995,24,,,,,10005,24,,,,,10000.0,0.0
1,46300,RAINFOREST_RESIN,9996,2,9995.0,26.0,,,10004,2,10005.0,26.0,,,10000.0,0.0
1,46400,RAINFOREST_RESIN,9995,24,,,,,10005,24,,,,,10000.0,0.0
1,46500,RAINFOREST_RESIN,9996,1,9995.0,29.0,,,9998,1,10004.0,1.0,10005.0,29.0,9997.0,0.0
1,46600,RAINFOREST_RESIN,9998,1,9995.0,28.0,,,10005,28,,,,,10001.5,0.0
1,46700,RAINFOREST_RESIN,9996,1,9995.0,29.0,,,10004,1,10005.0,29.0,,,10000.0,0.0
1,46800,RAINFOREST_RESIN,9995,25,,,,,10005,25,,,,,10000.0,0.0
1,46900,RAINFOREST_RESIN,9996,1,9995.0,29.0,,,10002,3,10004.0,1.0,10005.0,29.0,9999.0,0.0
1,47000,RAINFOREST_RESIN,9996,1,9995.0,22.0,,,10004,1,10005.0,22.0,,,10000.0,0.0
1,47100,RAINFOREST_RESIN,9995,22,,,,,9998,1,10005.0,22.0,,,9996.5,0.0
1,47200,RAINFOREST_RESIN,9996,2,9995.0,21.0,,,10004,2,10005.0,21.0,,,10000.0,0.0
1,47300,RAINFOREST_RESIN,9995,21,,,,,10005,21,,,,,10000.0,0.0
1,47400,RAINFOREST_RESIN,9998,7,9995.0,22.0,,,10005,22,,,,,10001.5,0.0
1,47500,RAINFOREST_RESIN,9996,1,9995.0,21.0,,,9998,1,10004.0,1.0,10005.0,21.0,9997.0,0.0
1,47600,RAINFOREST_RESIN,9998,5,9995.0,21.0,,,10005,21,,,,,10001.5,0.0
1,47700,RAINFOREST_RESIN,9998,1,9995.0,23.0,,,10005,23,,,,,10001.5,0.0
1,47800,RAINFOREST_RESIN,9995,20,,,,,10005,20,,,,,10000.0,0.0
1,47900,RAINFOREST_RESIN,9995,23,,,,,10005,23,,,,,10000.0,0.0
1,48000,RAINFOREST_RESIN,10002,2,9996.0,1.0,9995.0,26.0,10004,1,10005.0,26.0,,,10003.0,0.0
1,48100,RAINFOREST_RESIN,9996,1,9995.0,29.0,,,10004,1,10005.0,29.0,,,10000.0,0.0
1,48200,RAINFOREST_RESIN,9996,1,9995.0,26.0,,,10004,1,10005.0,26.0,,,10000.0,0.0
1,48300,RAINFOREST_RESIN,9998,4,9996.0,1.0,9995.0,20.0,10004,1,10005.0,20.0,,,10001.0,0.0
1,48400,RAINFOREST_RESIN,9996,2,9995.0,30.0,,,10004,2,10005.0,30.0,,,10000.0,0.0
1,48500,RAINFOREST_RESIN,9995,29,,,,,10005,29,,,,,10000.0,0.0
1,48600,RAINFOREST_RESIN,9996,1,9995.0,26.0,,,10004,1,10005.0,26.0,,,10000.0,0.0
1,48700,RAINFOREST_RESIN,9996,1,9995.0,22.0,,,10000,2,10004.0,1.0,10005.0,22.0,9998.0,0.0
1,48800,RAINFOREST_RESIN,9996,1,9995.0,28.0,,,10004,1,10005.0,28.0,,,10000.0,0.0
1,48900,RAINFOREST_RESIN,9995,22,,,,,10005,22,,,,,10000.0,0.0
1,49000,RAINFOREST_RESIN,9996,1,9995.0,28.0,,,10004,1,10005.0,28.0,,,10000.0,0.0
1,49100,RAINFOREST_RESIN,9995,30,,,,,10005,30,,,,,10000.0,0.0
1,49200,RAINFOREST_RESIN,10002,3,9996.0,1.0,9995.0,25.0,10004,1,10005.0,25.0,,,10003.0,0.0
1,49300,RAINFOREST_RESIN,9998,3,9995.0,29.0,,,10005,29,,,,,10001.5,0.0
1,49400,RAINFOREST_RESIN,9996,1,9995.0,22.0,,,10004,1,10005.0,22.0,,,10000.0,0.0
1,49500,RAINFOREST_RESIN,9996,1,9995.0,24.0,,,10004,1,10005.0,24.0,,,10000.0,0.0
1,49600,RAINFOREST_RESIN,9996,2,9995.0,28.0,,,10000,3,10002.0,9.0,10004.0,2.0,9998.0,0.0
1,49700,RAINFOREST_RESIN,9995,21,,,,,10005,21,,,,,10000.0,0.0
1,49800,RAINFOREST_RESIN,9995,20,,,,,10002,7,10005.0,20.0,,,9998.5,0.0
1,49900,RAINFOREST_RESIN,9996,1,9995.0,23.0,,,10004,1,10005.0,23.0,,,10000.0,0.0
1,50000,RAINFOREST_RESIN,9996,2,9995.0,24.0,,,10002,5,10004.0,2.0,10005.0,24.0,9999.0,0.0
1,50100,RAINFOREST_RESIN,10002,4,9996.0,2.0,9995.0,22.0,10004,2,10005.0,22.0,,,10003.0,0.0
1,50200,RAINFOREST_RESIN,9996,1,9995.0,28.0,,,10004,1,10005.0,28.0,,,10000.0,0.0
1,50300,RAINFOREST_RESIN,9995,23,,,,,10005,23,,,,,10000.0,0.0
1,50400,RAINFOREST_RESIN,9996,2,9995.0,21.0,,,10004,2,10005.0,21.0,,,10000.0,0.0
1,50500,RAINFOREST_RESIN,10000,4,9998.0,7.0,9996.0,1.0,10004,1,10005.0,27.0,,,10002.0,0.0
1,50600,RAINFOREST_RESIN,9998,7,9996.0,2.0,9995.0,22.0,10000,5,10004.0,2.0,10005.0,22.0,9999.0,0.0
1,50700,RAINFOREST_RESIN,9998,9,9995.0,20.0,,,10005,20,,,,,10001.5,0.0
1,50800,RAINFOREST_RESIN,9998,7,9996.0,2.0,9995.0,26.0,10004,2,10005.0,26.0,,,10001.0,0.0
1,50900,RAINFOREST_RESIN,9998,2,9995.0,30.0,,,10000,5,10005.0,30.0,,,9999.0,0.0
1,51000,RAINFOREST_RESIN,9996,2,9995.0,23.0,,,10004,2,10005.0,23.0,,,10000.0,0.0
1,51100,RAINFOREST_RESIN,9995,29,,,,,10002,1,10005.0,29.0,,,9998.5,0.0
1,51200,RAINFOREST_RESIN,9995,30,,,,,10005,30,,,,,10000.0,0.0
1,51300,RAINFOREST_RESIN,9996,2,9995.0,23.0,,,9998,5,10002.0,5.0,10004.0,2.0,9997.0,0.0
1,51400,RAINFOREST_RESIN,9996,1,9995.0,22.0,,,10004,1,10005.0,22.0,,,10000.0,0.0
1,51500,RAINFOREST_RESIN,9995,21,,,,,10005,21,,,,,10000.0,0.0
1,51600,RAINFOREST_RESIN,9996,2,9995.0,21.0,,,10002,5,10004.0,2.0,10005.0,21.0,9999.0,0.0
1,51700,RAINFOREST_RESIN,9996,2,9995.0,30.0,,,10004,2,10005.0,30.0,,,10000.0,0.0
1,51800,RAINFOREST_RESIN,9995,25,,,,,10005,25,,,,,10000.0,0.0
1,51900,RAINFOREST_RESIN,9996,2,9995.0,26.0,,,10004,2,10005.0,26.0,,,10000.0,0.0
1,52000,RAINFOREST_RESIN,9998,2,9995.0,21.0,,,10000,5,10005.0,21.0,,,9999.0,0.0
1,52100,RAINFOREST_RESIN,9996,1,9995.0,27.0,,,10004,1,10005.0,27.0,,,10000.0,0.0
1,52200,RAINFOREST_RESIN,9995,23,,,,,10005,23,,,,,10000.0,0.0
1,52300,RAINFOREST_RESIN,9995,30,,,,,10005,30,,,,,10000.0,0.0
1,52400,RAINFOREST_RESIN,10002,3,9996.0,1.0,9995.0,20.0,10004,1,10005.0,20.0,,,10003.0,0.0
1,52500,RAINFOREST_RESIN,9996,2,9995.0,25.0,,,10004,2,10005.0,25.0,,,10000.0,0.0
1,52600,RAINFOREST_RESIN,9996,1,9995.0,30.0,,,10004,1,10005.0,30.0,,,10000.0,0.0
1,52700,RAINFOREST_RESIN,9996,1,9995.0,24.0,,,10002,9,10004.0,1.0,10005.0,24.0,9999.0,0.0
1,52800,RAINFOREST_RESIN,9996,2,9995.0,26.0,,,10004,2,10005.0,26.0,,,10000.0,0.0
1,52900,RAINFOREST_RESIN,9996,1,9995.0,26.0,,,10002,3,10004.0,1.0,10005.0,26.0,9999.0,0.0
1,53000,RAINFOREST_RESIN,9996,1,9995.0,29.0,,,10004,1,10005.0,29.0,,,10000.0,0.0
1,53100,RAINFOREST_RESIN,9996,2,9995.0,21.0,,,9998,5,10004.0,2.0,10005.0,21.0,9997.0,0.0
1,53200,RAINFOREST_RESIN,9995,23,,,,,10005,23,,,,,10000.0,0.0
1,53300,RAINFOREST_RESIN,9995,20,,,,,10005,20,,,,,10000.0,0.0
1,53400,RAINFOREST_RESIN,9996,2,9995.0,30.0,,,9998,1,10004.0,2.0,10005.0,30.0,9997.0,0.0
1,53500,RAINFOREST_RESIN,9995,25,,,,,10002,7,10005.0,25.0,,,9998.5,0.0
1,53600,RAINFOREST_RESIN,9998,2,9996.0,1.0,9995.0,22.0,10004,1,10005.0,22.0,,,10001.0,0.0
1,53700,RAINFOREST_RESIN,9995,23,,,,,10005,23,,,,,10000.0,0.0
1,53800,RAINFOREST_RESIN,9998,8,9995.0,29.0,,,10005,29,,,,,10001.5,0.0
1,53900,RAINFOREST_RESIN,9996,1,9995.0,25.0,,,10000,4,10002.0,8.0,10004.0,1.0,9998.0,0.0
1,54000,RAINFOREST_RESIN,9996,1,9995.0,21.0,,,10002,1,10004.0,1.0,10005.0,21.0,9999.0,0.0
1,54100,RAINFOREST_RESIN,9996,1,9995.0,21.0,,,10004,1,10005.0,21.0,,,10000.0,0.0
1,54200,RAINFOREST_RESIN,9996,1,9995.0,20.0,,,10004,1,10005.0,20.0,,,10000.0,0.0
1,54300,RAINFOREST_RESIN,10002,1,9996.0,2.0,9995.0,26.0,10004,2,10005.0,26.0,,,10003.0,0.0
1,54400,RAINFOREST_RESIN,9995,22,,,,,10005,22,,,,,10000.0,0.0
1,54500,RAINFOREST_RESIN,9996,2,9995.0,27.0,,,10002,2,10004.0,2.0,10005.0,27.0,9999.0,0.0
1,54600,RAINFOREST_RESIN,10002,2,9996.0,1.0,9995.0,29.0,10004,1,10005.0,29.0,,,10003.0,0.0
1,54700,RAINFOREST_RESIN,9996,1,9995.0,22.0,,,10004,1,10005.0,22.0,,,10000.0,0.0
1,54800,RAINFOREST_RESIN,9996,2,9995.0,23.0,,,10004,2,10005.0,23.0,,,10000.0,0.0
1,54900,RAINFOREST_RESIN,9996,2,9995.0,22.0,,,10004,2,10005.0,22.0,,,10000.0,0.0
1,55000,RAINFOREST_RESIN,9996,2,9995.0,20.0,,,10004,2,10005.0,20.0,,,10000.0,0.0
1,55100,RAINFOREST_RESIN,9996,2,9995.0,24.0,,,10004,2,10005.0,24.0,,,10000.0,0.0
1,55200,RAINFOREST_RESIN,9998,8,9996.0,1.0,9995.0,25.0,10004,1,10005.0,25.0,,,10001.0,0.0
1,55300,RAINFOREST_RESIN,9995,22,,,,,10002,5,10005.0,22.0,,,9998.5,0.0
1,55400,RAINFOREST_RESIN,9998,7,9996.0,1.0,9995.0,27.0,10004,1,10005.0,27.0,,,10001.0,0.0
1,55500,RAINFOREST_RESIN,9996,2,9995.0,22.0,,,10004,2,10005.0,22.0,,,10000.0,0.0
1,55600,RAINFOREST_RESIN,9995,23,,,,,10002,9,10005.0,23.0,,,9998.5,0.0
1,55700,RAINFOREST_RESIN,9996,1,9995.0,21.0,,,10002,7,10004.0,1.0,10005.0,21.0,9999.0,0.0
1,55800,RAINFOREST_RESIN,9996,1,9995.0,25.0,,,10004,1,10005.0,25.0,,,10000.0,0.0
1,55900,RAINFOREST_RESIN,9995,20,,,,,10005,20,,,,,10000.0,0.0
1,56000,RAINFOREST_RESIN,10000,2,9996.0,1.0,9995.0,24.0,10002,6,10004.0,1.0,10005.0,24.0,10001.0,0.0
1,56100,RAINFOREST_RESIN,9996,1,9995.0,27.0,,,9998,1,10002.0,3.0,10004.0,1.0,9997.0,0.0
1,56200,RAINFOREST_RESIN,9996,1,9995.0,30.0,,,10000,4,10004.0,1.0,10005.0,30.0,9998.0,0.0
1,56300,RAINFOREST_RESIN,9995,28,,,,,10005,28,,,,,10000.0,0.0
1,56400,RAINFOREST_RESIN,9996,2,9995.0,27.0,,,10004,2,10005.0,27.0,,,10000.0,0.0
1,56500,RAINFOREST_RESIN,9995,21,,,,,10002,9,10005.0,21.0,,,9998.5,0.0
1,56600,RAINFOREST_RESIN,9996,2,9995.0,28.0,,,10002,2,10004.0,2.0,10005.0,28.0,9999.0,0.0
1,56700,RAINFOREST_RESIN,9998,5,9995.0,27.0,,,10005,27,,,,,10001.5,0.0
1,56800,RAINFOREST_RESIN,9995,23,,,,,10005,23,,,,,10000.0,0.0
1,56900,RAINFOREST_RESIN,9996,1,9995.0,20.0,,,10004,1,10005.0,20.0,,,10000.0,0.0
1,57000,RAINFOREST_RESIN,9996,2,9995.0,20.0,,,10002,10,10004.0,2.0,10005.0,20.0,9999.0,0.0
1,57100,RAINFOREST_RESIN,9998,6,9995.0,24.0,,,10005,24,,,,,10001.5,0.0
1,57200,RAINFOREST_RESIN,9998,5,9996.0,1.0,9995.0,25.0,10004,1,10005.0,25.0,,,10001.0,0.0
1,57300,RAINFOREST_RESIN,9996,1,9995.0,30.0,,,10004,1,10005.0,30.0,,,10000.0,0.0
1,57400,RAINFOREST_RESIN,9996,1,9995.0,27.0,,,10004,1,10005.0,27.0,,,10000.0,0.0
1,57500,RAINFOREST_RESIN,9995,21,,,,,10005,21,,,,,10000.0,0.0
1,57600,RAINFOREST_RESIN,10000,4,9996.0,2.0,9995.0,20.0,10004,2,10005.0,20.0,,,10002.0,0.0
1,57700,RAINFOREST_RESIN,9998,2,9996.0,1.0,9995.0,21.0,10004,1,10005.0,21.0,,,10001.0,0.0
1,57800,RAINFOREST_RESIN,9996,2,9995.0,26.0,,,10002,4,10004.0,2.0,10005.0,26.0,9999.0,0.0
1,57900,RAINFOREST_RESIN,9996,2,9995.0,26.0,,,10004,2,10005.0,26.0,,,10000.0,0.0
1,58000,RAINFOREST_RESIN,9995,28,,,,,10005,28,,,,,10000.0,0.0
1,58100,RAINFOREST_RESIN,9998,7,9995.0,20.0,,,10005,20,,,,,10001.5,0.0
1,58200,RAINFOREST_RESIN,9996,2,9995.0,27.0,,,10004,2,10005.0,27.0,,,10000.0,0.0
1,58300,RAINFOREST_RESIN,9996,2,9995.0,28.0,,,10004,2,10005.0,28.0,,,10000.0,0.0
1,58400,RAINFOREST_RESIN,9995,25,,,,,10005,25,,,,,10000.0,0.0
1,58500,RAINFOREST_RESIN,9998,3,9996.0,2.0,9995.0,20.0,10004,2,10005.0,20.0,,,10001.0,0.0
1,58600,RAINFOREST_RESIN,9996,1,9995.0,22.0,,,10004,1,10005.0,22.0,,,10000.0,0.0
1,58700,RAINFOREST_RESIN,9996,1,9995.0,29.0,,,9998,1,10000.0,4.0,10004.0,1.0,9997.0,0.0
1,58800,RAINFOREST_RESIN,9996,1,9995.0,30.0,,,10004,1,10005.0,30.0,,,10000.0,0.0
1,58900,RAINFOREST_RESIN,9996,2,9995.0,23.0,,,10004,2,10005.0,23.0,,,10000.0,0.0
1,59000,RAINFOREST_RESIN,9996,1,9995.0,23.0,,,10004,1,10005.0,23.0,,,10000.0,0.0
1,59100,RAINFOREST_RESIN,9998,7,9996.0,1.0,9995.0,20.0,10004,1,10005.0,20.0,,,10001.0,0.0
1,59200,RAINFOREST_RESIN,10002,1,9996.0,2.0,9995.0,23.0,10004,2,10005.0,23.0,,,10003.0,0.0
1,59300,RAINFOREST_RESIN,9998,5,9995.0,22.0,,,10005,22,,,,,10001.5,0.0
1,59400,RAINFOREST_RESIN,10002,1,9995.0,23.0,,,10005,23,,,,,10003.5,0.0
1,59500,RAINFOREST_RESIN,9996,2,9995.0,22.0,,,10004,2,10005.0,22.0,,,10000.0,0.0
1,59600,RAINFOREST_RESIN,10002,1,9996.0,1.0,9995.0,24.0,10004,1,10005.0,24.0,,,10003.0,0.0
1,59700,RAINFOREST_RESIN,9996,1,9995.0,25.0,,,10004,1,10005.0,25.0,,,10000.0,0.0
1,59800,RAINFOREST_RESIN,9998,9,9996.0,2.0,9995.0,22.0,10004,2,10005.0,22.0,,,10001.0,0.0
1,59900,RAINFOREST_RESIN,9996,2,9995.0,23.0,,,10004,2,10005.0,23.0,,,10000.0,0.0
1,60000,RAINFOREST_RESIN,9996,1,9995.0,25.0,,,9998,3,10002.0,10.0,10004.0,1.0,9997.0,0.0
1,60100,RAINFOREST_RESIN,9996,1,9995.0,27.0,,,10004,1,10005.0,27.0,,,10000.0,0.0
1,60200,RAINFOREST_RESIN,9996,1,9995.0,25.0,,,10004,1,10005.0,25.0,,,10000.0,0.0
1,60300,RAINFOREST_RESIN,9998,3,9996.0,1.0,9995.0,23.0,10004,1,10005.0,23.0,,,10001.0,0.0
1,60400,RAINFOREST_RESIN,9996,2,9995.0,22.0,,,9998,1,10004.0,2.0,10005.0,22.0,9997.0,0.0
1,60500,RAINFOREST_RESIN,9995,25,,,,,10000,2,10005.0,25.0,,,9997.5,0.0
1,60600,RAINFOREST_RESIN,9996,1,9995.0,21.0,,,10004,1,10005.0,21.0,,,10000.0,0.0
1,60700,RAINFOREST_RESIN,9998,10,9995.0,24.0,,,10005,24,,,,,10001.5,0.0
1,60800,RAINFOREST_RESIN,9996,2,9995.0,26.0,,,10004,2,10005.0,26.0,,,10000.0,0.0
1,60900,RAINFOREST_RESIN,9998,10,9995.0,29.0,,,10005,29,,,,,10001.5,0.0
1,61000,RAINFOREST_RESIN,9996,1,9995.0,25.0,,,9998,1,10004.0,1.0,10005.0,25.0,9997.0,0.0
1,61100,RAINFOREST_RESIN,9996,2,9995.0,29.0,,,10004,2,10005.0,29.0,,,10000.0,0.0
1,61200,RAINFOREST_RESIN,9998,1,9995.0,22.0,,,10005,22,,,,,10001.5,0.0
1,61300,RAINFOREST_RESIN,9995,27,,,,,10005,27,,,,,10000.0,0.0
1,61400,RAINFOREST_RESIN,9995,28,,,,,10005,28,,,,,10000.0,0.0
1,61500,RAINFOREST_RESIN,9998,4,9995.0,22.0,,,10005,22,,,,,10001.5,0.0
1,61600,RAINFOREST_RESIN,9996,1,9995.0,27.0,,,10004,1,10005.0,27.0,,,10000.0,0.0
1,61700,RAINFOREST_RESIN,9996,2,9995.0,21.0,,,10004,2,10005.0,21.0,,,10000.0,0.0
1,61800,RAINFOREST_RESIN,9996,2,9995.0,24.0,,,10004,2,10005.0,24.0,,,10000.0,0.0
1,61900,RAINFOREST_RESIN,9995,28,,,,,10002,8,10005.0,28.0,,,9998.5,0.0
1,62000,RAINFOREST_RESIN,9995,24,,,,,10005,24,,,,,10000.0,0.0
1,62100,RAINFOREST_RESIN,9996,2,9995.0,25.0,,,10002,3,10004.0,2.0,10005.0,25.0,9999.0,0.0
1,62200,RAINFOREST_RESIN,9998,9,9996.0,2.0,9995.0,22.0,10004,2,10005.0,22.0,,,10001.0,0.0
1,62300,RAINFOREST_RESIN,9995,21,,,,,10005,21,,,,,10000.0,0.0
1,62400,RAINFOREST_RESIN,9995,24,,,,,10005,24,,,,,10000.0,0.0
1,62500,RAINFOREST_RESIN,9996,2,9995.0,25.0,,,10004,2,10005.0,25.0,,,10000.0,0.0
1,62600,RAINFOREST_RESIN,9998,6,9996.0,1.0,9995.0,21.0,10004,1,10005.0,21.0,,,10001.0,0.0
1,62700,RAINFOREST_RESIN,9998,3,9995.0,25.0,,,10005,25,,,,,10001.5,0.0
1,62800,RAINFOREST_RESIN,9995,22,,,,,10005,22,,,,,10000.0,0.0
1,62900,RAINFOREST_RESIN,10002,11,9998.0,3.0,9996.0,2.0,10004,2,10005.0,20.0,,,10003.0,0.0
1,63000,RAINFOREST_RESIN,9995,30,,,,,10005,30,,,,,10000.0,0.0
1,63100,RAINFOREST_RESIN,9995,30,,,,,9998,1,10005.0,30.0,,,9996.5,0.0
1,63200,RAINFOREST_RESIN,9996,1,9995.0,24.0,,,10004,1,10005.0,24.0,,,10000.0,0.0
1,63300,RAINFOREST_RESIN,10002,4,9995.0,30.0,,,10005,30,,,,,10003.5,0.0
1,63400,RAINFOREST_RESIN,9996,2,9995.0,22.0,,,10004,2,10005.0,22.0,,,10000.0,0.0
1,63500,RAINFOREST_RESIN,9995,28,,,,,10005,28,,,,,10000.0,0.0
1,63600,RAINFOREST_RESIN,9995,22,,,,,10005,22,,,,,10000.0,0.0
1,63700,RAINFOREST_RESIN,9995,21,,,,,10000,5,10002.0,7.0,10005.0,21.0,9997.5,0.0
1,63800,RAINFOREST_RESIN,9996,1,9995.0,27.0,,,9998,1,10004.0,1.0,10005.0,27.0,9997.0,0.0
1,63900,RAINFOREST_RESIN,9995,22,,,,,10000,2,10005.0,22.0,,,9997.5,0.0
1,64000,RAINFOREST_RESIN,9995,30,,,,,9998,11,10002.0,10.0,10005.0,30.0,9996.5,0.0
1,64100,RAINFOREST_RESIN,9996,2,9995.0,26.0,,,10002,4,10004.0,2.0,10005.0,26.0,9999.0,0.0
1,64200,RAINFOREST_RESIN,9996,2,9995.0,25.0,,,10004,2,10005.0,25.0,,,10000.0,0.0
1,64300,RAINFOREST_RESIN,9998,4,9996.0,2.0,9995.0,20.0,10004,2,10005.0,20.0,,,10001.0,0.0
1,64400,RAINFOREST_RESIN,9996,2,9995.0,27.0,,,10004,2,10005.0,27.0,,,10000.0,0.0
1,64500,RAINFOREST_RESIN,9996,2,9995.0,20.0,,,10004,2,10005.0,20.0,,,10000.0,0.0
1,64600,RAINFOREST_RESIN,9996,2,9995.0,27.0,,,10004,2,10005.0,27.0,,,10000.0,0.0
1,64700,RAINFOREST_RESIN,10002,1,9996.0,1.0,9995.0,28.0,10004,1,10005.0,28.0,,,10003.0,0.0
1,64800,RAINFOREST_RESIN,9996,1,9995.0,20.0,,,10004,1,10005.0,20.0,,,10000.0,0.0
1,64900,RAINFOREST_RESIN,9996,2,9995.0,30.0,,,9998,4,10002.0,10.0,10004.0,2.0,9997.0,0.0
1,65000,RAINFOREST_RESIN,9996,1,9995.0,26.0,,,10002,5,10004.0,1.0,10005.0,26.0,9999.0,0.0
1,65100,RAINFOREST_RESIN,9998,10,9996.0,1.0,9995.0,25.0,10004,1,10005.0,25.0,,,10001.0,0.0
1,65200,RAINFOREST_RESIN,9996,1,9995.0,28.0,,,10002,6,10004.0,1.0,10005.0,28.0,9999.0,0.0
1,65300,RAINFOREST_RESIN,9995,29,,,,,10002,9,10005.0,29.0,,,9998.5,0.0
1,65400,RAINFOREST_RESIN,9998,10,9995.0,21.0,,,10005,21,,,,,10001.5,0.0
1,65500,RAINFOREST_RESIN,9995,20,,,,,10005,20,,,,,10000.0,0.0
1,65600,RAINFOREST_RESIN,9998,3,9995.0,20.0,,,10005,20,,,,,10001.5,0.0
1,65700,RAINFOREST_RESIN,9995,24,,,,,10005,24,,,,,10000.0,0.0
1,65800,RAINFOREST_RESIN,10002,4,9995.0,30.0,,,10005,30,,,,,10003.5,0.0
1,65900,RAINFOREST_RESIN,9996,2,9995.0,24.0,,,10004,2,10005.0,24.0,,,10000.0,0.0
1,66000,RAINFOREST_RESIN,9996,1,9995.0,24.0,,,10004,1,10005.0,24.0,,,10000.0,0.0
1,66100,RAINFOREST_RESIN,9996,2,9995.0,23.0,,,10004,2,10005.0,23.0,,,10000.0,0.0
1,66200,RAINFOREST_RESIN,10002,1,9996.0,1.0,9995.0,22.0,10004,1,10005.0,22.0,,,10003.0,0.0
1,66300,RAINFOREST_RESIN,10000,3,9995.0,20.0,,,10002,5,10005.0,20.0,,,10001.0,0.0
1,66400,RAINFOREST_RESIN,9996,2,9995.0,24.0,,,10004,2,10005.0,24.0,,,10000.0,0.0
1,66500,RAINFOREST_RESIN,9996,1,9995.0,30.0,,,10004,1,10005.0,30.0,,,10000.0,0.0
1,66600,RAINFOREST_RESIN,10002,3,9998.0,1.0,9996.0,2.0,10004,2,10005.0,29.0,,,10003.0,0.0
1,66700,RAINFOREST_RESIN,9996,1,9995.0,25.0,,,10004,1,10005.0,25.0,,,10000.0,0.0
1,66800,RAINFOREST_RESIN,9996,1,9995.0,25.0,,,10004,1,10005.0,25.0,,,10000.0,0.0
1,66900,RAINFOREST_RESIN,9995,20,,,,,10005,20,,,,,10000.0,0.0
1,67000,RAINFOREST_RESIN,9998,1,9996.0,2.0,9995.0,22.0,10004,2,10005.0,22.0,,,10001.0,0.0
1,67100,RAINFOREST_RESIN,9996,1,9995.0,25.0,,,10004,1,10005.0,25.0,,,10000.0,0.0
1,67200,RAINFOREST_RESIN,9995,23,,,,,10005,23,,,,,10000.0,0.0
1,67300,RAINFOREST_RESIN,9996,1,9995.0,21.0,,,10004,1,10005.0,21.0,,,10000.0,0.0
1,67400,RAINFOREST_RESIN,9996,1,9995.0,28.0,,,10004,1,10005.0,28.0,,,10000.0,0.0
1,67500,RAINFOREST_RESIN,9995,22,,,,,10005,22,,,,,10000.0,0.0
1,67600,RAINFOREST_RESIN,9996,1,9995.0,25.0,,,10004,1,10005.0,25.0,,,10000.0,0.0
1,67700,RAINFOREST_RESIN,9996,2,9995.0,21.0,,,10000,3,10004.0,2.0,10005.0,21.0,9998.0,0.0
1,67800,RAINFOREST_RESIN,9996,2,9995.0,30.0,,,10004,2,10005.0,30.0,,,10000.0,0.0
1,67900,RAINFOREST_RESIN,9995,26,,,,,10005,26,,,,,10000.0,0.0
1,68000,RAINFOREST_RESIN,9995,25,,,,,10002,5,10005.0,25.0,,,9998.5,0.0
1,68100,RAINFOREST_RESIN,9996,1,9995.0,26.0,,,10002,8,10004.0,1.0,10005.0,26.0,9999.0,0.0
1,68200,RAINFOREST_RESIN,9996,1,9995.0,23.0,,,9998,1,10004.0,1.0,10005.0,23.0,9997.0,0.0
1,68300,RAINFOREST_RESIN,9996,1,9995.0,25.0,,,10002,4,10004.0,1.0,10005.0,25.0,9999.0,0.0
1,68400,RAINFOREST_RESIN,10002,1,9996.0,1.0,9995.0,30.0,10004,1,10005.0,30.0,,,10003.0,0.0
1,68500,RAINFOREST_RESIN,9996,1,9995.0,22.0,,,10004,1,10005.0,22.0,,,10000.0,0.0
1,68600,RAINFOREST_RESIN,9995,27,,,,,9998,1,10005.0,27.0,,,9996.5,0.0
1,68700,RAINFOREST_RESIN,9998,10,9996.0,2.0,9995.0,20.0,10004,2,10005.0,20.0,,,10001.0,0.0
1,68800,RAINFOREST_RESIN,9996,1,9995.0,30.0,,,10000,6,10002.0,1.0,10004.0,1.0,9998.0,0.0
1,68900,RAINFOREST_RESIN,9998,3,9996.0,2.0,9995.0,23.0,10004,2,10005.0,23.0,,,10001.0,0.0
1,69000,RAINFOREST_RESIN,9996,1,9995.0,27.0,,,10004,1,10005.0,27.0,,,10000.0,0.0
1,69100,RAINFOREST_RESIN,9996,1,9995.0,25.0,,,10004,1,10005.0,25.0,,,10000.0,0.0
1,69200,RAINFOREST_RESIN,9996,1,9995.0,20.0,,,10002,8,10004.0,1.0,10005.0,20.0,9999.0,0.0
1,69300,RAINFOREST_RESIN,9996,1,9995.0,23.0,,,10004,1,10005.0,23.0,,,10000.0,0.0
1,69400,RAINFOREST_RESIN,9995,22,,,,,10005,22,,,,,10000.0,0.0
1,69500,RAINFOREST_RESIN,9996,1,9995.0,30.0,,,10002,8,10004.0,1.0,10005.0,30.0,9999.0,0.0
1,69600,RAINFOREST_RESIN,9996,2,9995.0,25.0,,,10004,2,10005.0,25.0,,,10000.0,0.0
1,69700,RAINFOREST_RESIN,10002,1,9996.0,2.0,9995.0,24.0,10004,2,10005.0,24.0,,,10003.0,0.0
1,69800,RAINFOREST_RESIN,9996,1,9995.0,22.0,,,10004,1,10005.0,22.0,,,10000.0,0.0
1,69900,RAINFOREST_RESIN,10002,1,9998.0,10.0,9996.0,2.0,10004,2,10005.0,24.0,,,10003.0,0.0
1,70000,RAINFOREST_RESIN,9996,2,9995.0,28.0,,,10004,2,10005.0,28.0,,,10000.0,0.0
1,70100,RAINFOREST_RESIN,10002,1,9995.0,27.0,,,10005,27,,,,,10003.5,0.0
1,70200,RAINFOREST_RESIN,9996,2,9995.0,28.0,,,10004,2,10005.0,28.0,,,10000.0,0.0
1,70300,RAINFOREST_RESIN,9998,10,9996.0,1.0,9995.0,24.0,10004,1,10005.0,24.0,,,10001.0,0.0
1,70400,RAINFOREST_RESIN,10002,13,9996.0,2.0,9995.0,29.0,10004,2,10005.0,29.0,,,10003.0,0.0
1,70500,RAINFOREST_RESIN,10002,1,9995.0,21.0,,,10005,21,,,,,10003.5,0.0
1,70600,RAINFOREST_RESIN,10002,1,10000.0,3.0,9996.0,1.0,10004,1,10005.0,22.0,,,10003.0,0.0
1,70700,RAINFOREST_RESIN,9995,27,,,,,10005,27,,,,,10000.0,0.0
1,70800,RAINFOREST_RESIN,9996,2,9995.0,20.0,,,9998,5,10002.0,8.0,10004.0,2.0,9997.0,0.0
1,70900,RAINFOREST_RESIN,9995,21,,,,,10005,21,,,,,10000.0,0.0
1,71000,RAINFOREST_RESIN,9996,2,9995.0,28.0,,,9998,3,10004.0,2.0,10005.0,28.0,9997.0,0.0
1,71100,RAINFOREST_RESIN,9998,4,9995.0,30.0,,,10005,30,,,,,10001.5,0.0
1,71200,RAINFOREST_RESIN,9996,1,9995.0,27.0,,,9998,1,10004.0,1.0,10005.0,27.0,9997.0,0.0
1,71300,RAINFOREST_RESIN,9996,2,9995.0,28.0,,,10004,2,10005.0,28.0,,,10000.0,0.0
1,71400,RAINFOREST_RESIN,10002,2,9996.0,2.0,9995.0,25.0,10004,2,10005.0,25.0,,,10003.0,0.0
1,71500,RAINFOREST_RESIN,9995,26,,,,,10005,26,,,,,10000.0,0.0
1,71600,RAINFOREST_RESIN,9998,7,9996.0,2.0,9995.0,29.0,10004,2,10005.0,29.0,,,10001.0,0.0
1,71700,RAINFOREST_RESIN,9996,1,9995.0,25.0,,,9998,1,10004.0,1.0,10005.0,25.0,9997.0,0.0
1,71800,RAINFOREST_RESIN,9995,22,,,,,9998,1,10005.0,22.0,,,9996.5,0.0
1,71900,RAINFOREST_RESIN,9996,2,9995.0,28.0,,,10004,2,10005.0,28.0,,,10000.0,0.0
1,72000,RAINFOREST_RESIN,9998,2,9996.0,1.0,9995.0,23.0,10004,1,10005.0,23.0,,,10001.0,0.0
1,72100,RAINFOREST_RESIN,9996,2,9995.0,24.0,,,9998,1,10004.0,2.0,10005.0,24.0,9997.0,0.0
1,72200,RAINFOREST_RESIN,9995,25,,,,,9998,1,10005.0,25.0,,,9996.5,0.0
1,72300,RAINFOREST_RESIN,9996,1,9995.0,22.0,,,10004,1,10005.0,22.0,,,10000.0,0.0
1,72400,RAINFOREST_RESIN,9995,25,,,,,10005,25,,,,,10000.0,0.0
1,72500,RAINFOREST_RESIN,10000,4,9996.0,2.0,9995.0,20.0,10004,2,10005.0,20.0,,,10002.0,0.0
1,72600,RAINFOREST_RESIN,9998,8,9995.0,28.0,,,10005,28,,,,,10001.5,0.0
1,72700,RAINFOREST_RESIN,9995,28,,,,,10005,28,,,,,10000.0,0.0
1,72800,RAINFOREST_RESIN,9996,2,9995.0,27.0,,,10004,2,10005.0,27.0,,,10000.0,0.0
1,72900,RAINFOREST_RESIN,9996,1,9995.0,22.0,,,10002,4,10004.0,1.0,10005.0,22.0,9999.0,0.0
1,73000,RAINFOREST_RESIN,9995,21,,,,,10005,21,,,,,10000.0,0.0
1,73100,RAINFOREST_RESIN,9996,1,9995.0,27.0,,,10002,7,10004.0,1.0,10005.0,27.0,9999.0,0.0
1,73200,RAINFOREST_RESIN,9996,1,9995.0,23.0,,,10002,7,10004.0,1.0,10005.0,23.0,9999.0,0.0
1,73300,RAINFOREST_RESIN,9996,2,9995.0,23.0,,,10004,2,10005.0,23.0,,,10000.0,0.0
1,73400,RAINFOREST_RESIN,9995,30,,,,,10002,6,10005.0,30.0,,,9998.5,0.0
1,73500,RAINFOREST_RESIN,9998,6,9996.0,1.0,9995.0,24.0,10004,1,10005.0,24.0,,,10001.0,0.0
1,73600,RAINFOREST_RESIN,9995,30,,,,,9998,1,10005.0,30.0,,,9996.5,0.0
1,73700,RAINFOREST_RESIN,10002,4,9995.0,25.0,,,10005,25,,,,,10003.5,0.0
1,73800,RAINFOREST_RESIN,9998,1,9996.0,1.0,9995.0,21.0,10004,1,10005.0,21.0,,,10001.0,0.0
1,73900,RAINFOREST_RESIN,9995,27,,,,,10005,27,,,,,10000.0,0.0
1,74000,RAINFOREST_RESIN,10000,5,9996.0,2.0,9995.0,27.0,10004,2,10005.0,27.0,,,10002.0,0.0
1,74100,RAINFOREST_RESIN,9998,5,9996.0,1.0,9995.0,23.0,10004,1,10005.0,23.0,,,10001.0,0.0
1,74200,RAINFOREST_RESIN,9996,1,9995.0,30.0,,,10002,1,10004.0,1.0,10005.0,30.0,9999.0,0.0
1,74300,RAINFOREST_RESIN,9998,6,9996.0,1.0,9995.0,26.0,10004,1,10005.0,26.0,,,10001.0,0.0
1,74400,RAINFOREST_RESIN,9996,2,9995.0,21.0,,,10004,2,10005.0,21.0,,,10000.0,0.0
1,74500,RAINFOREST_RESIN,9996,2,9995.0,24.0,,,10004,2,10005.0,24.0,,,10000.0,0.0
1,74600,RAINFOREST_RESIN,9996,2,9995.0,27.0,,,9998,2,10004.0,2.0,10005.0,27.0,9997.0,0.0
1,74700,RAINFOREST_RESIN,9996,1,9995.0,26.0,,,10004,1,10005.0,26.0,,,10000.0,0.0
1,74800,RAINFOREST_RESIN,9996,2,9995.0,24.0,,,10004,2,10005.0,24.0,,,10000.0,0.0
1,74900,RAINFOREST_RESIN,9996,1,9995.0,27.0,,,10004,1,10005.0,27.0,,,10000.0,0.0
1,75000,RAINFOREST_RESIN,9996,1,9995.0,21.0,,,9998,4,10004.0,1.0,10005.0,21.0,9997.0,0.0
1,75100,RAINFOREST_RESIN,9996,2,9995.0,26.0,,,10002,8,10004.0,2.0,10005.0,26.0,9999.0,0.0
1,75200,RAINFOREST_RESIN,9996,1,9995.0,30.0,,,10004,1,10005.0,30.0,,,10000.0,0.0
1,75300,RAINFOREST_RESIN,9998,7,9996.0,1.0,9995.0,26.0,10004,1,10005.0,26.0,,,10001.0,0.0
1,75400,RAINFOREST_RESIN,9995,25,,,,,10005,25,,,,,10000.0,0.0
1,75500,RAINFOREST_RESIN,9996,1,9995.0,22.0,,,10004,1,10005.0,22.0,,,10000.0,0.0
1,75600,RAINFOREST_RESIN,9996,2,9995.0,23.0,,,9998,9,10004.0,2.0,10005.0,23.0,9997.0,0.0
1,75700,RAINFOREST_RESIN,9996,2,9995.0,25.0,,,10004,2,10005.0,25.0,,,10000.0,0.0
1,75800,RAINFOREST_RESIN,9996,2,9995.0,26.0,,,10002,3,10004.0,2.0,10005.0,26.0,9999.0,0.0
1,75900,RAINFOREST_RESIN,9996,2,9995.0,22.0,,,10004,2,10005.0,22.0,,,10000.0,0.0
1,76000,RAINFOREST_RESIN,9998,8,9996.0,1.0,9995.0,30.0,10004,1,10005.0,30.0,,,10001.0,0.0
1,76100,RAINFOREST_RESIN,10002,1,9995.0,28.0,,,10005,28,,,,,10003.5,0.0
1,76200,RAINFOREST_RESIN,9998,9,9995.0,28.0,,,10005,28,,,,,10001.5,0.0
1,76300,RAINFOREST_RESIN,9998,7,9996.0,1.0,9995.0,21.0,10004,1,10005.0,21.0,,,10001.0,0.0
1,76400,RAINFOREST_RESIN,9995,28,,,,,10005,28,,,,,10000.0,0.0
1,76500,RAINFOREST_RESIN,10000,2,9995.0,28.0,,,10005,28,,,,,10002.5,0.0
1,76600,RAINFOREST_RESIN,9995,29,,,,,10005,29,,,,,10000.0,0.0
1,76700,RAINFOREST_RESIN,9998,9,9996.0,1.0,9995.0,30.0,10004,1,10005.0,30.0,,,10001.0,0.0
1,76800,RAINFOREST_RESIN,9995,25,,,,,10002,6,10005.0,25.0,,,9998.5,0.0
1,76900,RAINFOREST_RESIN,9998,3,9996.0,2.0,9995.0,27.0,10004,2,10005.0,27.0,,,10001.0,0.0
1,77000,RAINFOREST_RESIN,9995,28,,,,,10005,28,,,,,10000.0,0.0
1,77100,RAINFOREST_RESIN,9998,10,9995.0,22.0,,,10005,22,,,,,10001.5,0.0
1,77200,RAINFOREST_RESIN,9995,30,,,,,10005,30,,,,,10000.0,0.0
1,77300,RAINFOREST_RESIN,9998,4,9996.0,1.0,9995.0,25.0,10004,1,10005.0,25.0,,,10001.0,0.0
1,77400,RAINFOREST_RESIN,9996,2,9995.0,27.0,,,10004,2,10005.0,27.0,,,10000.0,0.0
1,77500,RAINFOREST_RESIN,9996,1,9995.0,23.0,,,10004,1,10005.0,23.0,,,10000.0,0.0
1,77600,RAINFOREST_RESIN,9998,3,9995.0,30.0,,,10005,30,,,,,10001.5,0.0
1,77700,RAINFOREST_RESIN,10002,1,9996.0,1.0,9995.0,30.0,10004,1,10005.0,30.0,,,10003.0,0.0
1,77800,RAINFOREST_RESIN,9998,2,9996.0,2.0,9995.0,29.0,10004,2,10005.0,29.0,,,10001.0,0.0
1,77900,RAINFOREST_RESIN,9996,2,9995.0,24.0,,,9998,1,10002.0,7.0,10004.0,2.0,9997.0,0.0
1,78000,RAINFOREST_RESIN,9995,21,,,,,10005,21,,,,,10000.0,0.0
1,78100,RAINFOREST_RESIN,9995,24,,,,,10005,24,,,,,10000.0,0.0
1,78200,RAINFOREST_RESIN,10002,1,9995.0,24.0,,,10005,24,,,,,10003.5,0.0
1,78300,RAINFOREST_RESIN,9995,25,,,,,10005,25,,,,,10000.0,0.0
1,78400,RAINFOREST_RESIN,9995,25,,,,,10005,25,,,,,10000.0,0.0
1,78500,RAINFOREST_RESIN,9996,2,9995.0,23.0,,,10004,2,10005.0,23.0,,,10000.0,0.0
1,78600,RAINFOREST_RESIN,9996,2,9995.0,23.0,,,10002,5,10004.0,2.0,10005.0,23.0,9999.0,0.0
1,78700,RAINFOREST_RESIN,9996,1,9995.0,25.0,,,10004,1,10005.0,25.0,,,10000.0,0.0
1,78800,RAINFOREST_RESIN,9995,29,,,,,10005,29,,,,,10000.0,0.0
1,78900,RAINFOREST_RESIN,9996,1,9995.0,25.0,,,9998,1,10004.0,1.0,10005.0,25.0,9997.0,0.0
1,79000,RAINFOREST_RESIN,9996,1,9995.0,21.0,,,10004,1,10005.0,21.0,,,10000.0,0.0
1,79100,RAINFOREST_RESIN,9995,20,,,,,9998,5,10005.0,20.0,,,9996.5,0.0
1,79200,RAINFOREST_RESIN,9996,2,9995.0,24.0,,,10002,9,10004.0,2.0,10005.0,24.0,9999.0,0.0
1,79300,RAINFOREST_RESIN,9996,1,9995.0,20.0,,,10004,1,10005.0,20.0,,,10000.0,0.0
1,79400,RAINFOREST_RESIN,9995,29,,,,,10005,29,,,,,10000.0,0.0
1,79500,RAINFOREST_RESIN,9996,2,9995.0,26.0,,,10004,2,10005.0,26.0,,,10000.0,0.0
1,79600,RAINFOREST_RESIN,9996,2,9995.0,23.0,,,10002,4,10004.0,2.0,10005.0,23.0,9999.0,0.0
1,79700,RAINFOREST_RESIN,9995,25,,,,,10005,25,,,,,10000.0,0.0
1,79800,RAINFOREST_RESIN,9995,25,,,,,10005,25,,,,,10000.0,0.0
1,79900,RAINFOREST_RESIN,9996,1,9995.0,28.0,,,10002,6,10004.0,1.0,10005.0,28.0,9999.0,0.0
1,80000,RAINFOREST_RESIN,9996,2,9995.0,24.0,,,10004,2,10005.0,24.0,,,10000.0,0.0
1,80100,RAINFOREST_RESIN,9996,1,9995.0,21.0,,,10004,1,10005.0,21.0,,,10000.0,0.0
1,80200,RAINFOREST_RESIN,9995,22,,,,,10005,22,,,,,10000.0,0.0
1,80300,RAINFOREST_RESIN,9996,1,9995.0,20.0,,,10000,6,10004.0,1.0,10005.0,20.0,9998.0,0.0
1,80400,RAINFOREST_RESIN,9996,2,9995.0,23.0,,,10004,2,10005.0,23.0,,,10000.0,0.0
1,80500,RAINFOREST_RESIN,9996,1,9995.0,21.0,,,9998,1,10004.0,1.0,10005.0,21.0,9997.0,0.0
1,80600,RAINFOREST_RESIN,9996,1,9995.0,30.0,,,10004,1,10005.0,30.0,,,10000.0,0.0
1,80700,RAINFOREST_RESIN,9998,3,9996.0,2.0,9995.0,22.0,10004,2,10005.0,22.0,,,10001.0,0.0
1,80800,RAINFOREST_RESIN,9996,2,9995.0,22.0,,,10002,5,10004.0,2.0,10005.0,22.0,9999.0,0.0
1,80900,RAINFOREST_RESIN,9996,1,9995.0,27.0,,,10002,7,10004.0,1.0,10005.0,27.0,9999.0,0.0
1,81000,RAINFOREST_RESIN,9996,1,9995.0,30.0,,,10004,1,10005.0,30.0,,,10000.0,0.0
1,81100,RAINFOREST_RESIN,9996,2,9995.0,22.0,,,10004,2,10005.0,22.0,,,10000.0,0.0
1,81200,RAINFOREST_RESIN,9996,1,9995.0,28.0,,,10002,4,10004.0,1.0,10005.0,28.0,9999.0,0.0
1,81300,RAINFOREST_RESIN,10002,1,9996.0,2.0,9995.0,28.0,10004,2,10005.0,28.0,,,10003.0,0.0
1,81400,RAINFOREST_RESIN,9996,1,9995.0,21.0,,,10004,1,10005.0,21.0,,,10000.0,0.0
1,81500,RAINFOREST_RESIN,9998,2,9995.0,22.0,,,10005,22,,,,,10001.5,0.0
1,81600,RAINFOREST_RESIN,10002,1,9995.0,28.0,,,10005,28,,,,,10003.5,0.0
1,81700,RAINFOREST_RESIN,9996,2,9995.0,24.0,,,10004,2,10005.0,24.0,,,10000.0,0.0
1,81800,RAINFOREST_RESIN,9998,5,9995.0,21.0,,,10005,21,,,,,10001.5,0.0
1,81900,RAINFOREST_RESIN,9995,28,,,,,10005,28,,,,,10000.0,0.0
1,82000,RAINFOREST_RESIN,9996,1,9995.0,24.0,,,10002,3,10004.0,1.0,10005.0,24.0,9999.0,0.0
1,82100,RAINFOREST_RESIN,9995,26,,,,,9998,1,10005.0,26.0,,,9996.5,0.0
1,82200,RAINFOREST_RESIN,9995,30,,,,,10005,30,,,,,10000.0,0.0
1,82300,RAINFOREST_RESIN,9996,2,9995.0,30.0,,,10004,2,10005.0,30.0,,,10000.0,0.0
1,82400,RAINFOREST_RESIN,9996,1,9995.0,21.0,,,10004,1,10005.0,21.0,,,10000.0,0.0
1,82500,RAINFOREST_RESIN,9996,1,9995.0,23.0,,,9998,3,10004.0,1.0,10005.0,23.0,9997.0,0.0
1,82600,RAINFOREST_RESIN,9996,2,9995.0,29.0,,,10000,5,10004.0,2.0,10005.0,29.0,9998.0,0.0
1,82700,RAINFOREST_RESIN,9996,1,9995.0,29.0,,,10002,1,10004.0,1.0,10005.0,29.0,9999.0,0.0
1,82800,RAINFOREST_RESIN,9998,10,9995.0,21.0,,,10005,21,,,,,10001.5,0.0
1,82900,RAINFOREST_RESIN,9998,9,9996.0,1.0,9995.0,20.0,10004,1,10005.0,20.0,,,10001.0,0.0
1,83000,RAINFOREST_RESIN,9998,8,9996.0,2.0,9995.0,28.0,10004,2,10005.0,28.0,,,10001.0,0.0
1,83100,RAINFOREST_RESIN,9995,26,,,,,9998,5,10005.0,26.0,,,9996.5,0.0
1,83200,RAINFOREST_RESIN,9996,2,9995.0,29.0,,,10004,2,10005.0,29.0,,,10000.0,0.0
1,83300,RAINFOREST_RESIN,9996,1,9995.0,22.0,,,10002,7,10004.0,1.0,10005.0,22.0,9999.0,0.0
1,83400,RAINFOREST_RESIN,9996,1,9995.0,24.0,,,10004,1,10005.0,24.0,,,10000.0,0.0
1,83500,RAINFOREST_RESIN,9995,30,,,,,10005,30,,,,,10000.0,0.0
1,83600,RAINFOREST_RESIN,9998,1,9995.0,24.0,,,10005,24,,,,,10001.5,0.0
1,83700,RAINFOREST_RESIN,9996,1,9995.0,26.0,,,10002,7,10004.0,1.0,10005.0,26.0,9999.0,0.0
1,83800,RAINFOREST_RESIN,9995,22,,,,,9998,2,10005.0,22.0,,,9996.5,0.0
1,83900,RAINFOREST_RESIN,9998,4,9996.0,1.0,9995.0,25.0,10004,1,10005.0,25.0,,,10001.0,0.0
1,84000,RAINFOREST_RESIN,9996,1,9995.0,20.0,,,10004,1,10005.0,20.0,,,10000.0,0.0
1,84100,RAINFOREST_RESIN,9996,2,9995.0,28.0,,,10004,2,10005.0,28.0,,,10000.0,0.0
1,84200,RAINFOREST_RESIN,9996,2,9995.0,29.0,,,10004,2,10005.0,29.0,,,10000.0,0.0
1,84300,RAINFOREST_RESIN,9995,20,,,,,10005,20,,,,,10000.0,0.0
1,84400,RAINFOREST_RESIN,9996,2,9995.0,26.0,,,10004,2,10005.0,26.0,,,10000.0,0.0
1,84500,RAINFOREST_RESIN,9998,2,9996.0,1.0,9995.0,23.0,10004,1,10005.0,23.0,,,10001.0,0.0
1,84600,RAINFOREST_RESIN,9995,30,,,,,10005,30,,,,,10000.0,0.0
1,84700,RAINFOREST_RESIN,9996,2,9995.0,23.0,,,10002,8,10004.0,2.0,10005.0,23.0,9999.0,0.0
1,84800,RAINFOREST_RESIN,9995,26,,,,,10005,26,,,,,10000.0,0.0
1,84900,RAINFOREST_RESIN,9995,22,,,,,10002,5,10005.0,22.0,,,9998.5,0.0
1,85000,RAINFOREST_RESIN,9996,1,9995.0,23.0,,,10004,1,10005.0,23.0,,,10000.0,0.0
1,85100,RAINFOREST_RESIN,9996,1,9995.0,30.0,,,10002,4,10004.0,1.0,10005.0,30.0,9999.0,0.0
1,85200,RAINFOREST_RESIN,10000,4,9995.0,21.0,,,10005,21,,,,,10002.5,0.0
1,85300,RAINFOREST_RESIN,9996,2,9995.0,28.0,,,10004,2,10005.0,28.0,,,10000.0,0.0
1,85400,RAINFOREST_RESIN,9996,1,9995.0,21.0,,,10004,1,10005.0,21.0,,,10000.0,0.0
1,85500,RAINFOREST_RESIN,9996,1,9995.0,20.0,,,10004,1,10005.0,20.0,,,10000.0,0.0
1,85600,RAINFOREST_RESIN,9995,29,,,,,10002,9,10005.0,29.0,,,9998.5,0.0
1,85700,RAINFOREST_RESIN,9995,28,,,,,10005,28,,,,,10000.0,0.0
1,85800,RAINFOREST_RESIN,9996,2,9995.0,23.0,,,10004,2,10005.0,23.0,,,10000.0,0.0
1,85900,RAINFOREST_RESIN,9996,1,9995.0,22.0,,,9998,8,10004.0,1.0,10005.0,22.0,9997.0,0.0
1,86000,RAINFOREST_RESIN,9995,22,,,,,10005,22,,,,,10000.0,0.0
1,86100,RAINFOREST_RESIN,9996,2,9995.0,26.0,,,10004,2,10005.0,26.0,,,10000.0,0.0
1,86200,RAINFOREST_RESIN,9996,1,9995.0,27.0,,,10004,1,10005.0,27.0,,,10000.0,0.0
1,86300,RAINFOREST_RESIN,9998,10,9996.0,2.0,9995.0,30.0,10004,2,10005.0,30.0,,,10001.0,0.0
1,86400,RAINFOREST_RESIN,9996,2,9995.0,23.0,,,10004,2,10005.0,23.0,,,10000.0,0.0
1,86500,RAINFOREST_RESIN,9995,21,,,,,10005,21,,,,,10000.0,0.0
1,86600,RAINFOREST_RESIN,9995,30,,,,,9998,8,10005.0,30.0,,,9996.5,0.0
1,86700,RAINFOREST_RESIN,9995,28,,,,,10005,28,,,,,10000.0,0.0
1,86800,RAINFOREST_RESIN,9995,30,,,,,10002,5,10005.0,30.0,,,9998.5,0.0
1,86900,RAINFOREST_RESIN,9995,28,,,,,10000,2,10005.0,28.0,,,9997.5,0.0
1,87000,RAINFOREST_RESIN,9996,1,9995.0,26.0,,,10004,1,10005.0,26.0,,,10000.0,0.0
1,87100,RAINFOREST_RESIN,9995,27,,,,,10005,27,,,,,10000.0,0.0
1,87200,RAINFOREST_RESIN,9995,23,,,,,10005,23,,,,,10000.0,0.0
1,87300,RAINFOREST_RESIN,9996,2,9995.0,27.0,,,10004,2,10005.0,27.0,,,10000.0,0.0
1,87400,RAINFOREST_RESIN,9996,1,9995.0,29.0,,,10004,1,10005.0,29.0,,,10000.0,0.0
1,87500,RAINFOREST_RESIN,9996,1,9995.0,21.0,,,10004,1,10005.0,21.0,,,10000.0,0.0
1,87600,RAINFOREST_RESIN,9996,2,9995.0,29.0,,,10004,2,10005.0,29.0,,,10000.0,0.0
1,87700,RAINFOREST_RESIN,9996,2,9995.0,23.0,,,10004,2,10005.0,23.0,,,10000.0,0.0
1,87800,RAINFOREST_RESIN,9996,2,9995.0,29.0,,,9998,1,10004.0,2.0,10005.0,29.0,9997.0,0.0
1,87900,RAINFOREST_RESIN,9996,2,9995.0,21.0,,,10004,2,10005.0,21.0,,,10000.0,0.0
1,88000,RAINFOREST_RESIN,10002,1,9996.0,2.0,9995.0,26.0,10004,2,10005.0,26.0,,,10003.0,0.0
1,88100,RAINFOREST_RESIN,9996,1,9995.0,28.0,,,10004,1,10005.0,28.0,,,10000.0,0.0
1,88200,RAINFOREST_RESIN,9996,2,9995.0,20.0,,,9998,3,10004.0,2.0,10005.0,20.0,9997.0,0.0
1,88300,RAINFOREST_RESIN,9998,5,9996.0,1.0,9995.0,29.0,10004,1,10005.0,29.0,,,10001.0,0.0
1,88400,RAINFOREST_RESIN,9996,1,9995.0,23.0,,,10004,1,10005.0,23.0,,,10000.0,0.0
1,88500,RAINFOREST_RESIN,9995,22,,,,,10005,22,,,,,10000.0,0.0
1,88600,RAINFOREST_RESIN,9998,4,9995.0,30.0,,,10005,30,,,,,10001.5,0.0
1,88700,RAINFOREST_RESIN,9996,2,9995.0,25.0,,,9998,1,10004.0,2.0,10005.0,25.0,9997.0,0.0
1,88800,RAINFOREST_RESIN,9996,2,9995.0,27.0,,,10004,2,10005.0,27.0,,,10000.0,0.0
1,88900,RAINFOREST_RESIN,9996,1,9995.0,26.0,,,10002,4,10004.0,1.0,10005.0,26.0,9999.0,0.0
1,89000,RAINFOREST_RESIN,9998,5,9996.0,2.0,9995.0,22.0,10004,2,10005.0,22.0,,,10001.0,0.0
1,89100,RAINFOREST_RESIN,9995,21,,,,,10005,21,,,,,10000.0,0.0
1,89200,RAINFOREST_RESIN,9996,2,9995.0,24.0,,,10004,2,10005.0,24.0,,,10000.0,0.0
1,89300,RAINFOREST_RESIN,9995,26,,,,,10005,26,,,,,10000.0,0.0
1,89400,RAINFOREST_RESIN,9996,1,9995.0,30.0,,,10004,1,10005.0,30.0,,,10000.0,0.0
1,89500,RAINFOREST_RESIN,9996,2,9995.0,30.0,,,10004,2,10005.0,30.0,,,10000.0,0.0
1,89600,RAINFOREST_RESIN,9996,2,9995.0,23.0,,,10004,2,10005.0,23.0,,,10000.0,0.0
1,89700,RAINFOREST_RESIN,9996,2,9995.0,21.0,,,10004,2,10005.0,21.0,,,10000.0,0.0
1,89800,RAINFOREST_RESIN,9998,8,9995.0,27.0,,,10005,27,,,,,10001.5,0.0
1,89900,RAINFOREST_RESIN,9996,2,9995.0,28.0,,,10004,2,10005.0,28.0,,,10000.0,0.0
1,90000,RAINFOREST_RESIN,9995,22,,,,,10002,3,10005.0,22.0,,,9998.5,0.0
1,90100,RAINFOREST_RESIN,9996,1,9995.0,21.0,,,9998,1,10004.0,1.0,10005.0,21.0,9997.0,0.0
1,90200,RAINFOREST_RESIN,9998,7,9996.0,2.0,9995.0,24.0,10004,2,10005.0,24.0,,,10001.0,0.0
1,90300,RAINFOREST_RESIN,10002,1,9995.0,28.0,,,10005,28,,,,,10003.5,0.0
1,90400,RAINFOREST_RESIN,9995,26,,,,,10005,26,,,,,10000.0,0.0
1,90500,RAINFOREST_RESIN,9996,1,9995.0,27.0,,,10004,1,10005.0,27.0,,,10000.0,0.0
1,90600,RAINFOREST_RESIN,9996,2,9995.0,21.0,,,10004,2,10005.0,21.0,,,10000.0,0.0
1,90700,RAINFOREST_RESIN,9995,20,,,,,10005,20,,,,,10000.0,0.0
1,90800,RAINFOREST_RESIN,9996,1,9995.0,25.0,,,9998,1,10002.0,7.0,10004.0,1.0,9997.0,0.0
1,90900,RAINFOREST_RESIN,9998,8,9995.0,22.0,,,10005,22,,,,,10001.5,0.0
1,91000,RAINFOREST_RESIN,10002,1,9996.0,2.0,9995.0,30.0,10004,2,10005.0,30.0,,,10003.0,0.0
1,91100,RAINFOREST_RESIN,9995,26,,,,,10005,26,,,,,10000.0,0.0
1,91200,RAINFOREST_RESIN,9996,1,9995.0,20.0,,,10004,1,10005.0,20.0,,,10000.0,0.0
1,91300,RAINFOREST_RESIN,10002,3,9995.0,22.0,,,10005,22,,,,,10003.5,0.0
1,91400,RAINFOREST_RESIN,9996,2,9995.0,24.0,,,10002,10,10004.0,2.0,10005.0,24.0,9999.0,0.0
1,91500,RAINFOREST_RESIN,9996,1,9995.0,26.0,,,10004,1,10005.0,26.0,,,10000.0,0.0
1,91600,RAINFOREST_RESIN,9996,2,9995.0,20.0,,,10004,2,10005.0,20.0,,,10000.0,0.0
1,91700,RAINFOREST_RESIN,9995,26,,,,,10005,26,,,,,10000.0,0.0
1,91800,RAINFOREST_RESIN,10000,6,9996.0,1.0,9995.0,20.0,10004,1,10005.0,20.0,,,10002.0,0.0
1,91900,RAINFOREST_RESIN,9996,1,9995.0,29.0,,,10004,1,10005.0,29.0,,,10000.0,0.0
1,92000,RAINFOREST_RESIN,9996,1,9995.0,23.0,,,10002,3,10004.0,1.0,10005.0,23.0,9999.0,0.0
1,92100,RAINFOREST_RESIN,9996,2,9995.0,29.0,,,10004,2,10005.0,29.0,,,10000.0,0.0
1,92200,RAINFOREST_RESIN,10002,3,9998.0,5.0,9995.0,29.0,10005,29,,,,,10003.5,0.0
1,92300,RAINFOREST_RESIN,9996,1,9995.0,24.0,,,10004,1,10005.0,24.0,,,10000.0,0.0
1,92400,RAINFOREST_RESIN,9995,21,,,,,10002,6,10005.0,21.0,,,9998.5,0.0
1,92500,RAINFOREST_RESIN,9996,2,9995.0,27.0,,,10002,5,10004.0,2.0,10005.0,27.0,9999.0,0.0
1,92600,RAINFOREST_RESIN,9995,27,,,,,10005,27,,,,,10000.0,0.0
1,92700,RAINFOREST_RESIN,9996,2,9995.0,25.0,,,10004,2,10005.0,25.0,,,10000.0,0.0
1,92800,RAINFOREST_RESIN,9996,1,9995.0,29.0,,,10004,1,10005.0,29.0,,,10000.0,0.0
1,92900,RAINFOREST_RESIN,9998,1,9996.0,2.0,9995.0,28.0,10004,2,10005.0,28.0,,,10001.0,0.0
1,93000,RAINFOREST_RESIN,9995,23,,,,,10005,23,,,,,10000.0,0.0
1,93100,RAINFOREST_RESIN,9998,8,9996.0,2.0,9995.0,25.0,10000,1,10004.0,2.0,10005.0,25.0,9999.0,0.0
1,93200,RAINFOREST_RESIN,9998,5,9995.0,23.0,,,10005,23,,,,,10001.5,0.0
1,93300,RAINFOREST_RESIN,9995,23,,,,,10000,6,10002.0,3.0,10005.0,23.0,9997.5,0.0
1,93400,RAINFOREST_RESIN,9995,23,,,,,10005,23,,,,,10000.0,0.0
1,93500,RAINFOREST_RESIN,9996,1,9995.0,28.0,,,10004,1,10005.0,28.0,,,10000.0,0.0
1,93600,RAINFOREST_RESIN,9995,29,,,,,9998,1,10002.0,4.0,10005.0,29.0,9996.5,0.0
1,93700,RAINFOREST_RESIN,9998,7,9996.0,1.0,9995.0,29.0,10004,1,10005.0,29.0,,,10001.0,0.0
1,93800,RAINFOREST_RESIN,9996,1,9995.0,20.0,,,9998,5,10004.0,1.0,10005.0,20.0,9997.0,0.0
1,93900,RAINFOREST_RESIN,9996,2,9995.0,27.0,,,10004,2,10005.0,27.0,,,10000.0,0.0
1,94000,RAINFOREST_RESIN,9995,22,,,,,10002,7,10005.0,22.0,,,9998.5,0.0
1,94100,RAINFOREST_RESIN,9996,1,9995.0,30.0,,,10004,1,10005.0,30.0,,,10000.0,0.0
1,94200,RAINFOREST_RESIN,9995,28,,,,,10002,8,10005.0,28.0,,,9998.5,0.0
1,94300,RAINFOREST_RESIN,9996,2,9995.0,29.0,,,10004,2,10005.0,29.0,,,10000.0,0.0
1,94400,RAINFOREST_RESIN,9998,4,9996.0,1.0,9995.0,22.0,10004,1,10005.0,22.0,,,10001.0,0.0
1,94500,RAINFOREST_RESIN,9995,21,,,,,10005,21,,,,,10000.0,0.0
1,94600,RAINFOREST_RESIN,9995,28,,,,,10005,28,,,,,10000.0,0.0
1,94700,RAINFOREST_RESIN,9996,1,9995.0,20.0,,,10004,1,10005.0,20.0,,,10000.0,0.0
1,94800,RAINFOREST_RESIN,9996,1,9995.0,22.0,,,10004,1,10005.0,22.0,,,10000.0,0.0
1,94900,RAINFOREST_RESIN,10002,4,9996.0,2.0,9995.0,26.0,10004,2,10005.0,26.0,,,10003.0,0.0
1,95000,RAINFOREST_RESIN,9996,1,9995.0,29.0,,,10004,1,10005.0,29.0,,,10000.0,0.0
1,95100,RAINFOREST_RESIN,9996,2,9995.0,20.0,,,10004,2,10005.0,20.0,,,10000.0,0.0
1,95200,RAINFOREST_RESIN,9995,29,,,,,10005,29,,,,,10000.0,0.0
1,95300,RAINFOREST_RESIN,9995,26,,,,,10005,26,,,,,10000.0,0.0
1,95400,RAINFOREST_RESIN,9996,2,9995.0,28.0,,,10004,2,10005.0,28.0,,,10000.0,0.0
1,95500,RAINFOREST_RESIN,9995,21,,,,,10005,21,,,,,10000.0,0.0
1,95600,RAINFOREST_RESIN,9995,21,,,,,9998,1,10005.0,21.0,,,9996.5,0.0
1,95700,RAINFOREST_RESIN,10002,1,9996.0,2.0,9995.0,27.0,10004,2,10005.0,27.0,,,10003.0,0.0
1,95800,RAINFOREST_RESIN,9996,1,9995.0,21.0,,,9998,1,10004.0,1.0,10005.0,21.0,9997.0,0.0
1,95900,RAINFOREST_RESIN,9998,9,9996.0,2.0,9995.0,22.0,10004,2,10005.0,22.0,,,10001.0,0.0
1,96000,RAINFOREST_RESIN,9996,1,9995.0,20.0,,,10004,1,10005.0,20.0,,,10000.0,0.0
1,96100,RAINFOREST_RESIN,9996,1,9995.0,26.0,,,10002,7,10004.0,1.0,10005.0,26.0,9999.0,0.0
1,96200,RAINFOREST_RESIN,9996,1,9995.0,20.0,,,10002,2,10004.0,1.0,10005.0,20.0,9999.0,0.0
1,96300,RAINFOREST_RESIN,9995,23,,,,,10005,23,,,,,10000.0,0.0
1,96400,RAINFOREST_RESIN,9996,2,9995.0,25.0,,,10004,2,10005.0,25.0,,,10000.0,0.0
1,96500,RAINFOREST_RESIN,9996,2,9995.0,25.0,,,10004,2,10005.0,25.0,,,10000.0,0.0
1,96600,RAINFOREST_RESIN,10000,5,9996.0,1.0,9995.0,24.0,10004,1,10005.0,24.0,,,10002.0,0.0
1,96700,RAINFOREST_RESIN,9996,2,9995.0,30.0,,,10004,2,10005.0,30.0,,,10000.0,0.0
1,96800,RAINFOREST_RESIN,9996,2,9995.0,28.0,,,10004,2,10005.0,28.0,,,10000.0,0.0
1,96900,RAINFOREST_RESIN,9996,1,9995.0,22.0,,,9998,1,10004.0,1.0,10005.0,22.0,9997.0,0.0
1,97000,RAINFOREST_RESIN,9996,1,9995.0,24.0,,,10002,2,10004.0,1.0,10005.0,24.0,9999.0,0.0
1,97100,RAINFOREST_RESIN,9995,29,,,,,10005,29,,,,,10000.0,0.0
1,97200,RAINFOREST_RESIN,9995,20,,,,,10005,20,,,,,10000.0,0.0
1,97300,RAINFOREST_RESIN,9995,21,,,,,10005,21,,,,,10000.0,0.0
1,97400,RAINFOREST_RESIN,9995,30,,,,,10005,30,,,,,10000.0,0.0
1,97500,RAINFOREST_RESIN,9995,24,,,,,10005,24,,,,,10000.0,0.0
1,97600,RAINFOREST_RESIN,10000,6,9996.0,2.0,9995.0,25.0,10004,2,10005.0,25.0,,,10002.0,0.0
1,97700,RAINFOREST_RESIN,9996,2,9995.0,27.0,,,10004,2,10005.0,27.0,,,10000.0,0.0
1,97800,RAINFOREST_RESIN,9996,2,9995.0,26.0,,,10004,2,10005.0,26.0,,,10000.0,0.0
1,97900,RAINFOREST_RESIN,10002,3,9995.0,23.0,,,10005,23,,,,,10003.5,0.0
1,98000,RAINFOREST_RESIN,9996,2,9995.0,25.0,,,10004,2,10005.0,25.0,,,10000.0,0.0
1,98100,RAINFOREST_RESIN,9998,8,9995.0,30.0,,,10005,30,,,,,10001.5,0.0
1,98200,RAINFOREST_RESIN,9995,29,,,,,10005,29,,,,,10000.0,0.0
1,98300,RAINFOREST_RESIN,9995,21,,,,,9998,1,10000.0,3.0,10005.0,21.0,9996.5,0.0
1,98400,RAINFOREST_RESIN,9996,1,9995.0,27.0,,,10004,1,10005.0,27.0,,,10000.0,0.0
1,98500,RAINFOREST_RESIN,9996,2,9995.0,30.0,,,9998,1,10002.0,7.0,10004.0,2.0,9997.0,0.0
1,98600,RAINFOREST_RESIN,9995,24,,,,,10005,24,,,,,10000.0,0.0
1,98700,RAINFOREST_RESIN,9996,1,9995.0,25.0,,,10004,1,10005.0,25.0,,,10000.0,0.0
1,98800,RAINFOREST_RESIN,9996,2,9995.0,23.0,,,10004,2,10005.0,23.0,,,10000.0,0.0
1,98900,RAINFOREST_RESIN,9996,1,9995.0,24.0,,,10004,1,10005.0,24.0,,,10000.0,0.0
1,99000,RAINFOREST_RESIN,9996,1,9995.0,27.0,,,10004,1,10005.0,27.0,,,10000.0,0.0
1,99100,RAINFOREST_RESIN,9995,22,,,,,10005,22,,,,,10000.0,0.0
1,99200,RAINFOREST_RESIN,9995,26,,,,,10005,26,,,,,10000.0,0.0
1,99300,RAINFOREST_RESIN,9996,2,9995.0,21.0,,,9998,1,10004.0,2.0,10005.0,21.0,9997.0,0.0
1,99400,RAINFOREST_RESIN,9996,1,9995.0,29.0,,,10002,9,10004.0,1.0,10005.0,29.0,9999.0,0.0
1,99500,RAINFOREST_RESIN,9995,20,,,,,9998,3,10005.0,20.0,,,9996.5,0.0
1,99600,RAINFOREST_RESIN,9995,28,,,,,10005,28,,,,,10000.0,0.0
1,99700,RAINFOREST_RESIN,9995,26,,,,,10005,26,,,,,10000.0,0.0
1,99800,RAINFOREST_RESIN,9996,1,9995.0,25.0,,,10002,5,10004.0,1.0,10005.0,25.0,9999.0,0.0
1,99900,RAINFOREST_RESIN,9998,6,9996.0,1.0,9995.0,27.0,10004,1,10005.0,27.0,,,10001.0,0.0
