day,timestamp,product,bid_price_1,bid_volume_1,bid_price_2,bid_volume_2,bid_price_3,bid_volume_3,ask_price_1,ask_volume_1,ask_price_2,ask_volume_2,ask_price_3,ask_volume_3,mid_price,profit_and_loss
1,0,SQUID_INK,1834,23,,,,,1838,23,,,,,1836.0,0.0
1,100,SQUID_INK,1837,1,1836.0,2.0,1835.0,22.0,1839,22,,,,,1838.0,0.0
1,200,SQUID_INK,1832,22,,,,,1835,22,,,,,1833.5,0.0
1,300,SQUID_INK,1836,1,1834.0,26.0,,,1837,26,,,,,1836.5,0.0
1,400,SQUID_INK,1833,28,,,,,1836,28,,,,,1834.5,0.0
1,500,SQUID_INK,1834,24,,,,,1836,3,1837.0,24.0,,,1835.0,0.0
1,600,SQUID_INK,1834,5,1832.0,30.0,,,1835,30,,,,,1834.5,0.0
1,700,SQUID_INK,1834,22,,,,,1837,1,1838.0,22.0,,,1835.5,0.0
1,800,SQUID_INK,1836,25,,,,,1837,3,1839.0,25.0,,,1836.5,0.0
1,900,SQUID_INK,1840,21,,,,,1843,21,,,,,1841.5,0.0
1,1000,SQUID_INK,1841,31,,,,,1844,31,,,,,1842.5,0.0
1,1100,SQUID_INK,1840,22,,,,,1843,22,,,,,1841.5,0.0
1,1200,SQUID_INK,1839,22,,,,,1842,23,,,,,1840.5,0.0
1,1300,SQUID_INK,1840,25,,,,,1843,25,,,,,1841.5,0.0
1,1400,SQUID_INK,1841,23,,,,,1842,6,1844.0,23.0,,,1841.5,0.0
1,1500,SQUID_INK,1844,1,1842.0,21.0,,,1845,21,,,,,1844.5,0.0
1,1600,SQUID_INK,1844,2,1843.0,28.0,,,1847,30,,,,,1845.5,0.0
1,1700,SQUID_INK,1841,28,,,,,1843,8,1844.0,28.0,,,1842.0,0.0
1,1800,SQUID_INK,1843,4,1841.0,23.0,,,1845,23,,,,,1844.0,0.0
1,1900,SQUID_INK,1844,32,,,,,1845,1,1847.0,2.0,1848.0,30.0,1844.5,0.0
1,2000,SQUID_INK,1846,23,,,,,1849,23,,,,,1847.5,0.0
1,2100,SQUID_INK,1845,28,,,,,1847,5,1848.0,2.0,1849.0,26.0,1846.0,0.0
1,2200,SQUID_INK,1846,25,,,,,1849,21,,,,,1847.5,0.0
1,2300,SQUID_INK,1848,7,1847.0,22.0,,,1851,24,,,,,1849.5,0.0
1,2400,SQUID_INK,1846,22,,,,,1849,22,,,,,1847.5,0.0
1,2500,SQUID_INK,1847,2,1846.0,21.0,,,1850,23,,,,,1848.5,0.0
1,2600,SQUID_INK,1849,30,,,,,1852,30,,,,,1850.5,0.0
1,2700,SQUID_INK,1848,30,,,,,1851,23,,,,,1849.5,0.0
1,2800,SQUID_INK,1849,27,,,,,1852,27,,,,,1850.5,0.0
1,2900,SQUID_INK,1848,22,,,,,1851,22,,,,,1849.5,0.0
1,3000,SQUID_INK,1850,1,1848.0,35.0,,,1851,30,,,,,1850.5,0.0
1,3100,SQUID_INK,1848,28,,,,,1851,28,,,,,1849.5,0.0
1,3200,SQUID_INK,1848,24,,,,,1849,5,1851.0,24.0,,,1848.5,0.0
1,3300,SQUID_INK,1849,25,,,,,1852,25,,,,,1850.5,0.0
1,3400,SQUID_INK,1849,2,1848.0,27.0,,,1852,29,,,,,1850.5,0.0
1,3500,SQUID_INK,1850,26,,,,,1853,26,,,,,1851.5,0.0
1,3600,SQUID_INK,1850,27,,,,,1853,27,,,,,1851.5,0.0
1,3700,SQUID_INK,1851,25,,,,,1854,25,,,,,1852.5,0.0
1,3800,SQUID_INK,1853,24,,,,,1854,7,1856.0,24.0,,,1853.5,0.0
1,3900,SQUID_INK,1852,27,,,,,1855,26,,,,,1853.5,0.0
1,4000,SQUID_INK,1854,30,,,,,1857,31,,,,,1855.5,0.0
1,4100,SQUID_INK,1855,5,1854.0,2.0,1853.0,22.0,1857,24,,,,,1856.0,0.0
1,4200,SQUID_INK,1854,29,,,,,1856,7,1857.0,29.0,,,1855.0,0.0
1,4300,SQUID_INK,1854,24,,,,,1857,26,,,,,1855.5,0.0
1,4400,SQUID_INK,1853,28,,,,,1856,28,,,,,1854.5,0.0
1,4500,SQUID_INK,1853,26,,,,,1854,8,1856.0,26.0,,,1853.5,0.0
1,4600,SQUID_INK,1857,21,,,,,1858,3,1860.0,21.0,,,1857.5,0.0
1,4700,SQUID_INK,1855,26,,,,,1858,26,,,,,1856.5,0.0
1,4800,SQUID_INK,1861,1,1860.0,7.0,1859.0,23.0,1863,23,,,,,1862.0,0.0
1,4900,SQUID_INK,1857,24,,,,,1859,6,1860.0,2.0,1861.0,22.0,1858.0,0.0
1,5000,SQUID_INK,1860,6,1859.0,30.0,,,1863,31,,,,,1861.5,0.0
1,5100,SQUID_INK,1859,26,,,,,1862,26,,,,,1860.5,0.0
1,5200,SQUID_INK,1859,11,1858.0,25.0,,,1861,25,,,,,1860.0,0.0
1,5300,SQUID_INK,1857,22,,,,,1860,22,,,,,1858.5,0.0
1,5400,SQUID_INK,1857,30,,,,,1860,30,,,,,1858.5,0.0
1,5500,SQUID_INK,1858,29,,,,,1859,8,1862.0,29.0,,,1858.5,0.0
1,5600,SQUID_INK,1859,25,,,,,1862,25,,,,,1860.5,0.0
1,5700,SQUID_INK,1859,4,1858.0,30.0,,,1862,31,,,,,1860.5,0.0
1,5800,SQUID_INK,1858,30,,,,,1861,30,,,,,1859.5,0.0
1,5900,SQUID_INK,1857,23,,,,,1860,23,,,,,1858.5,0.0
1,6000,SQUID_INK,1859,30,,,,,1862,30,,,,,1860.5,0.0
1,6100,SQUID_INK,1859,25,,,,,1862,25,,,,,1860.5,0.0
1,6200,SQUID_INK,1861,1,1859.0,30.0,,,1862,30,,,,,1861.5,0.0
1,6300,SQUID_INK,1859,22,,,,,1862,22,,,,,1860.5,0.0
1,6400,SQUID_INK,1858,24,,,,,1862,24,,,,,1860.0,0.0
1,6500,SQUID_INK,1859,22,,,,,1862,22,,,,,1860.5,0.0
1,6600,SQUID_INK,1860,22,,,,,1863,29,,,,,1861.5,0.0
1,6700,SQUID_INK,1859,31,,,,,1861,7,1862.0,31.0,,,1860.0,0.0
1,6800,SQUID_INK,1860,4,1859.0,31.0,,,1862,2,1863.0,29.0,,,1861.0,0.0
1,6900,SQUID_INK,1860,29,,,,,1862,3,1863.0,29.0,,,1861.0,0.0
1,7000,SQUID_INK,1860,7,1859.0,31.0,,,1863,31,,,,,1861.5,0.0
1,7100,SQUID_INK,1860,31,,,,,1863,31,,,,,1861.5,0.0
1,7200,SQUID_INK,1859,29,,,,,1862,23,,,,,1860.5,0.0
1,7300,SQUID_INK,1858,26,,,,,1861,26,,,,,1859.5,0.0
1,7400,SQUID_INK,1859,22,,,,,1862,22,,,,,1860.5,0.0
1,7500,SQUID_INK,1858,29,,,,,1860,3,1862.0,29.0,,,1859.0,0.0
1,7600,SQUID_INK,1859,27,,,,,1862,27,,,,,1860.5,0.0
1,7700,SQUID_INK,1858,26,,,,,1861,1,1862.0,25.0,,,1859.5,0.0
1,7800,SQUID_INK,1859,1,1858.0,23.0,,,1861,23,,,,,1860.0,0.0
1,7900,SQUID_INK,1858,2,1857.0,22.0,,,1861,24,,,,,1859.5,0.0
1,8000,SQUID_INK,1858,1,1857.0,3.0,1856.0,30.0,1859,30,,,,,1858.5,0.0
1,8100,SQUID_INK,1858,25,,,,,1861,25,,,,,1859.5,0.0
1,8200,SQUID_INK,1857,27,,,,,1860,27,,,,,1858.5,0.0
1,8300,SQUID_INK,1857,28,,,,,1860,28,,,,,1858.5,0.0
1,8400,SQUID_INK,1857,29,,,,,1860,29,,,,,1858.5,0.0
1,8500,SQUID_INK,1858,35,,,,,1861,27,,,,,1859.5,0.0
1,8600,SQUID_INK,1857,29,,,,,1860,29,,,,,1858.5,0.0
1,8700,SQUID_INK,1858,1,1857.0,8.0,1856.0,24.0,1859,2,1860.0,22.0,,,1858.5,0.0
1,8800,SQUID_INK,1857,31,,,,,1860,31,,,,,1858.5,0.0
1,8900,SQUID_INK,1856,28,,,,,1859,26,,,,,1857.5,0.0
1,9000,SQUID_INK,1856,23,,,,,1859,23,,,,,1857.5,0.0
1,9100,SQUID_INK,1855,27,,,,,1858,22,,,,,1856.5,0.0
1,9200,SQUID_INK,1855,30,,,,,1858,27,,,,,1856.5,0.0
1,9300,SQUID_INK,1854,30,,,,,1857,30,,,,,1855.5,0.0
1,9400,SQUID_INK,1855,33,,,,,1858,30,,,,,1856.5,0.0
1,9500,SQUID_INK,1853,26,,,,,1856,26,,,,,1854.5,0.0
1,9600,SQUID_INK,1855,21,,,,,1858,21,,,,,1856.5,0.0
1,9700,SQUID_INK,1855,31,,,,,1856,5,1857.0,5.0,1858.0,31.0,1855.5,0.0
1,9800,SQUID_INK,1855,26,,,,,1858,26,,,,,1856.5,0.0
1,9900,SQUID_INK,1858,24,,,,,1861,24,,,,,1859.5,0.0
1,10000,SQUID_INK,1856,27,,,,,1859,27,,,,,1857.5,0.0
1,10100,SQUID_INK,1857,21,,,,,1859,5,1860.0,21.0,,,1858.0,0.0
1,10200,SQUID_INK,1857,20,,,,,1860,20,,,,,1858.5,0.0
1,10300,SQUID_INK,1858,30,,,,,1861,25,,,,,1859.5,0.0
1,10400,SQUID_INK,1856,25,,,,,1859,25,,,,,1857.5,0.0
1,10500,SQUID_INK,1856,34,,,,,1859,26,,,,,1857.5,0.0
1,10600,SQUID_INK,1858,3,1856.0,20.0,,,1859,20,,,,,1858.5,0.0
1,10700,SQUID_INK,1857,31,,,,,1860,24,,,,,1858.5,0.0
1,10800,SQUID_INK,1857,6,1856.0,23.0,,,1859,23,,,,,1858.0,0.0
1,10900,SQUID_INK,1860,1,1859.0,22.0,,,1861,6,1863.0,23.0,,,1860.5,0.0
1,11000,SQUID_INK,1864,1,1863.0,26.0,,,1865,2,1867.0,27.0,,,1864.5,0.0
1,11100,SQUID_INK,1864,32,,,,,1867,31,,,,,1865.5,0.0
1,11200,SQUID_INK,1863,30,,,,,1865,5,1866.0,30.0,,,1864.0,0.0
1,11300,SQUID_INK,1862,27,,,,,1865,27,,,,,1863.5,0.0
1,11400,SQUID_INK,1858,30,,,,,1861,30,,,,,1859.5,0.0
1,11500,SQUID_INK,1856,29,,,,,1858,5,1860.0,29.0,,,1857.0,0.0
1,11600,SQUID_INK,1858,24,,,,,1860,7,1861.0,24.0,,,1859.0,0.0
1,11700,SQUID_INK,1858,4,1857.0,22.0,,,1860,22,,,,,1859.0,0.0
1,11800,SQUID_INK,1857,22,,,,,1860,22,,,,,1858.5,0.0
1,11900,SQUID_INK,1857,4,1856.0,23.0,,,1859,23,,,,,1858.0,0.0
1,12000,SQUID_INK,1855,28,,,,,1858,28,,,,,1856.5,0.0
1,12100,SQUID_INK,1853,25,,,,,1856,25,,,,,1854.5,0.0
1,12200,SQUID_INK,1855,25,,,,,1859,25,,,,,1857.0,0.0
1,12300,SQUID_INK,1856,29,,,,,1859,25,,,,,1857.5,0.0
1,12400,SQUID_INK,1857,29,,,,,1860,29,,,,,1858.5,0.0
1,12500,SQUID_INK,1858,3,1857.0,23.0,,,1860,23,,,,,1859.0,0.0
1,12600,SQUID_INK,1859,4,1858.0,26.0,,,1861,26,,,,,1860.0,0.0
1,12700,SQUID_INK,1856,28,,,,,1859,28,,,,,1857.5,0.0
1,12800,SQUID_INK,1854,4,1853.0,30.0,,,1856,30,,,,,1855.0,0.0
1,12900,SQUID_INK,1853,23,,,,,1855,2,1856.0,23.0,,,1854.0,0.0
1,13000,SQUID_INK,1851,32,,,,,1854,2,1855.0,30.0,,,1852.5,0.0
1,13100,SQUID_INK,1851,21,,,,,1852,2,1854.0,21.0,,,1851.5,0.0
1,13200,SQUID_INK,1852,1,1850.0,38.0,,,1853,31,,,,,1852.5,0.0
1,13300,SQUID_INK,1851,23,,,,,1854,23,,,,,1852.5,0.0
1,13400,SQUID_INK,1852,26,,,,,1855,26,,,,,1853.5,0.0
1,13500,SQUID_INK,1853,25,,,,,1856,25,,,,,1854.5,0.0
1,13600,SQUID_INK,1849,26,,,,,1851,3,1852.0,26.0,,,1850.0,0.0
1,13700,SQUID_INK,1847,28,,,,,1850,28,,,,,1848.5,0.0
1,13800,SQUID_INK,1846,23,,,,,1850,23,,,,,1848.0,0.0
1,13900,SQUID_INK,1849,18,,,,,1852,21,,,,,1850.5,0.0
1,14000,SQUID_INK,1852,3,1851.0,28.0,,,1855,29,,,,,1853.5,0.0
1,14100,SQUID_INK,1851,22,,,,,1854,22,,,,,1852.5,0.0
1,14200,SQUID_INK,1852,21,,,,,1855,21,,,,,1853.5,0.0
1,14300,SQUID_INK,1849,22,,,,,1852,22,,,,,1850.5,0.0
1,14400,SQUID_INK,1853,22,,,,,1856,23,,,,,1854.5,0.0
1,14500,SQUID_INK,1852,1,1851.0,28.0,,,1853,6,1855.0,29.0,,,1852.5,0.0
1,14600,SQUID_INK,1848,28,,,,,1849,3,1851.0,28.0,,,1848.5,0.0
1,14700,SQUID_INK,1850,24,,,,,1852,2,1853.0,24.0,,,1851.0,0.0
1,14800,SQUID_INK,1849,31,,,,,1851,3,1852.0,1.0,1853.0,30.0,1850.0,0.0
1,14900,SQUID_INK,1853,4,1851.0,26.0,,,1854,26,,,,,1853.5,0.0
1,15000,SQUID_INK,1849,6,1848.0,25.0,,,1852,27,,,,,1850.5,0.0
1,15100,SQUID_INK,1850,21,,,,,1853,21,,,,,1851.5,0.0
1,15200,SQUID_INK,1849,4,1848.0,27.0,,,1851,23,,,,,1850.0,0.0
1,15300,SQUID_INK,1850,24,,,,,1852,6,1853.0,24.0,,,1851.0,0.0
1,15400,SQUID_INK,1847,30,,,,,1850,30,,,,,1848.5,0.0
1,15500,SQUID_INK,1850,25,,,,,1853,25,,,,,1851.5,0.0
1,15600,SQUID_INK,1846,23,,,,,1849,23,,,,,1847.5,0.0
1,15700,SQUID_INK,1847,30,,,,,1849,1,1850.0,30.0,,,1848.0,0.0
1,15800,SQUID_INK,1851,32,,,,,1854,28,,,,,1852.5,0.0
1,15900,SQUID_INK,1853,21,,,,,1854,3,1856.0,21.0,,,1853.5,0.0
1,16000,SQUID_INK,1856,22,,,,,1858,4,1859.0,22.0,,,1857.0,0.0
1,16100,SQUID_INK,1856,27,,,,,1857,2,1858.0,8.0,1859.0,27.0,1856.5,0.0
1,16200,SQUID_INK,1853,26,,,,,1856,27,,,,,1854.5,0.0
1,16300,SQUID_INK,1850,22,,,,,1853,1,1854.0,21.0,,,1851.5,0.0
1,16400,SQUID_INK,1848,27,,,,,1850,7,1851.0,27.0,,,1849.0,0.0
1,16500,SQUID_INK,1848,22,,,,,1849,1,1851.0,22.0,,,1848.5,0.0
1,16600,SQUID_INK,1848,7,1847.0,26.0,,,1850,26,,,,,1849.0,0.0
1,16700,SQUID_INK,1842,25,,,,,1845,25,,,,,1843.5,0.0
1,16800,SQUID_INK,1838,2,1837.0,27.0,,,1840,27,,,,,1839.0,0.0
1,16900,SQUID_INK,1842,24,,,,,1845,24,,,,,1843.5,0.0
1,17000,SQUID_INK,1843,1,1842.0,26.0,,,1845,26,,,,,1844.0,0.0
1,17100,SQUID_INK,1849,27,,,,,1852,1,1853.0,26.0,,,1850.5,0.0
1,17200,SQUID_INK,1848,33,,,,,1851,28,,,,,1849.5,0.0
1,17300,SQUID_INK,1848,28,,,,,1850,6,1851.0,28.0,,,1849.0,0.0
1,17400,SQUID_INK,1849,3,1848.0,2.0,1847.0,25.0,1851,25,,,,,1850.0,0.0
1,17500,SQUID_INK,1848,28,,,,,1851,28,,,,,1849.5,0.0
1,17600,SQUID_INK,1849,3,1848.0,30.0,,,1851,30,,,,,1850.0,0.0
1,17700,SQUID_INK,1847,22,,,,,1850,22,,,,,1848.5,0.0
1,17800,SQUID_INK,1848,32,,,,,1850,5,1851.0,32.0,,,1849.0,0.0
1,17900,SQUID_INK,1849,1,1848.0,2.0,1847.0,21.0,1850,21,,,,,1849.5,0.0
1,18000,SQUID_INK,1848,24,,,,,1852,24,,,,,1850.0,0.0
1,18100,SQUID_INK,1842,30,,,,,1845,30,,,,,1843.5,0.0
1,18200,SQUID_INK,1840,25,,,,,1843,25,,,,,1841.5,0.0
1,18300,SQUID_INK,1839,20,,,,,1842,20,,,,,1840.5,0.0
1,18400,SQUID_INK,1840,1,1839.0,1.0,1838.0,21.0,1842,22,,,,,1841.0,0.0
1,18500,SQUID_INK,1840,22,,,,,1843,23,,,,,1841.5,0.0
1,18600,SQUID_INK,1836,21,,,,,1837,8,1840.0,22.0,,,1836.5,0.0
1,18700,SQUID_INK,1838,30,,,,,1841,30,,,,,1839.5,0.0
1,18800,SQUID_INK,1836,24,,,,,1840,24,,,,,1838.0,0.0
1,18900,SQUID_INK,1830,32,,,,,1833,25,,,,,1831.5,0.0
1,19000,SQUID_INK,1828,31,,,,,1831,31,,,,,1829.5,0.0
1,19100,SQUID_INK,1821,23,,,,,1824,23,,,,,1822.5,0.0
1,19200,SQUID_INK,1823,26,,,,,1826,26,,,,,1824.5,0.0
1,19300,SQUID_INK,1825,25,,,,,1828,25,,,,,1826.5,0.0
1,19400,SQUID_INK,1829,26,,,,,1832,26,,,,,1830.5,0.0
1,19500,SQUID_INK,1828,23,,,,,1832,23,,,,,1830.0,0.0
1,19600,SQUID_INK,1828,27,,,,,1831,27,,,,,1829.5,0.0
1,19700,SQUID_INK,1826,31,,,,,1829,31,,,,,1827.5,0.0
1,19800,SQUID_INK,1825,28,,,,,1828,28,,,,,1826.5,0.0
1,19900,SQUID_INK,1826,23,,,,,1829,1,1830.0,22.0,,,1827.5,0.0
1,20000,SQUID_INK,1831,26,,,,,1833,4,1834.0,26.0,,,1832.0,0.0
1,20100,SQUID_INK,1832,30,,,,,1834,4,1835.0,30.0,,,1833.0,0.0
1,20200,SQUID_INK,1833,20,,,,,1837,20,,,,,1835.0,0.0
1,20300,SQUID_INK,1833,24,,,,,1836,24,,,,,1834.5,0.0
1,20400,SQUID_INK,1830,28,,,,,1831,3,1833.0,28.0,,,1830.5,0.0
1,20500,SQUID_INK,1833,18,,,,,1836,26,,,,,1834.5,0.0
1,20600,SQUID_INK,1833,25,,,,,1836,25,,,,,1834.5,0.0
1,20700,SQUID_INK,1837,2,1835.0,33.0,,,1838,30,,,,,1837.5,0.0
1,20800,SQUID_INK,1839,26,,,,,1842,26,,,,,1840.5,0.0
1,20900,SQUID_INK,1837,31,,,,,1838,1,1840.0,2.0,1841.0,29.0,1837.5,0.0
1,21000,SQUID_INK,1835,26,,,,,1838,26,,,,,1836.5,0.0
1,21100,SQUID_INK,1835,28,,,,,1836,2,1838.0,28.0,,,1835.5,0.0
1,21200,SQUID_INK,1836,1,1834.0,29.0,,,1837,29,,,,,1836.5,0.0
1,21300,SQUID_INK,1833,22,,,,,1835,2,1836.0,22.0,,,1834.0,0.0
1,21400,SQUID_INK,1835,30,,,,,1838,30,,,,,1836.5,0.0
1,21500,SQUID_INK,1838,28,,,,,1839,5,1842.0,30.0,,,1838.5,0.0
1,21600,SQUID_INK,1843,22,,,,,1846,2,1847.0,20.0,,,1844.5,0.0
1,21700,SQUID_INK,1844,4,1843.0,27.0,,,1846,27,,,,,1845.0,0.0
1,21800,SQUID_INK,1844,26,,,,,1847,26,,,,,1845.5,0.0
1,21900,SQUID_INK,1845,27,,,,,1848,27,,,,,1846.5,0.0
1,22000,SQUID_INK,1844,22,,,,,1847,22,,,,,1845.5,0.0
1,22100,SQUID_INK,1848,22,,,,,1850,4,1852.0,22.0,,,1849.0,0.0
1,22200,SQUID_INK,1849,26,,,,,1852,23,,,,,1850.5,0.0
1,22300,SQUID_INK,1848,30,,,,,1851,2,1852.0,28.0,,,1849.5,0.0
1,22400,SQUID_INK,1846,24,,,,,1849,24,,,,,1847.5,0.0
1,22500,SQUID_INK,1849,1,1847.0,27.0,,,1851,27,,,,,1850.0,0.0
1,22600,SQUID_INK,1851,1,1850.0,4.0,1849.0,30.0,1852,26,,,,,1851.5,0.0
1,22700,SQUID_INK,1849,26,,,,,1852,26,,,,,1850.5,0.0
1,22800,SQUID_INK,1847,27,,,,,1850,27,,,,,1848.5,0.0
1,22900,SQUID_INK,1845,23,,,,,1846,1,1847.0,4.0,1848.0,1.0,1845.5,0.0
1,23000,SQUID_INK,1847,1,1845.0,21.0,,,1848,21,,,,,1847.5,0.0
1,23100,SQUID_INK,1844,7,1843.0,28.0,,,1846,2,1847.0,26.0,,,1845.0,0.0
1,23200,SQUID_INK,1842,26,,,,,1845,25,,,,,1843.5,0.0
1,23300,SQUID_INK,1841,23,,,,,1844,23,,,,,1842.5,0.0
1,23400,SQUID_INK,1840,30,,,,,1843,1,1844.0,29.0,,,1841.5,0.0
1,23500,SQUID_INK,1841,34,,,,,1844,31,,,,,1842.5,0.0
1,23600,SQUID_INK,1843,26,,,,,1846,2,1847.0,25.0,,,1844.5,0.0
1,23700,SQUID_INK,1846,1,1844.0,21.0,,,1847,1,1848.0,20.0,,,1846.5,0.0
1,23800,SQUID_INK,1842,22,,,,,1846,22,,,,,1844.0,0.0
1,23900,SQUID_INK,1843,27,,,,,1846,27,,,,,1844.5,0.0
1,24000,SQUID_INK,1845,35,,,,,1848,29,,,,,1846.5,0.0
1,24100,SQUID_INK,1841,2,1840.0,20.0,,,1844,22,,,,,1842.5,0.0
1,24200,SQUID_INK,1849,1,1848.0,23.0,,,1850,8,1852.0,24.0,,,1849.5,0.0
1,24300,SQUID_INK,1846,26,,,,,1848,5,1849.0,27.0,,,1847.0,0.0
1,24400,SQUID_INK,1845,37,,,,,1848,29,,,,,1846.5,0.0
1,24500,SQUID_INK,1844,26,,,,,1847,26,,,,,1845.5,0.0
1,24600,SQUID_INK,1846,24,,,,,1849,24,,,,,1847.5,0.0
1,24700,SQUID_INK,1848,22,,,,,1851,22,,,,,1849.5,0.0
1,24800,SQUID_INK,1849,28,,,,,1852,28,,,,,1850.5,0.0
1,24900,SQUID_INK,1848,24,,,,,1852,24,,,,,1850.0,0.0
1,25000,SQUID_INK,1852,28,,,,,1855,28,,,,,1853.5,0.0
1,25100,SQUID_INK,1850,27,,,,,1853,27,,,,,1851.5,0.0
1,25200,SQUID_INK,1851,32,,,,,1852,4,1854.0,26.0,,,1851.5,0.0
1,25300,SQUID_INK,1854,22,,,,,1857,22,,,,,1855.5,0.0
1,25400,SQUID_INK,1852,29,,,,,1855,29,,,,,1853.5,0.0
1,25500,SQUID_INK,1852,24,,,,,1854,6,1855.0,1.0,1856.0,23.0,1853.0,0.0
1,25600,SQUID_INK,1853,24,,,,,1855,6,1856.0,24.0,,,1854.0,0.0
1,25700,SQUID_INK,1849,25,,,,,1852,25,,,,,1850.5,0.0
1,25800,SQUID_INK,1849,29,,,,,1852,29,,,,,1850.5,0.0
1,25900,SQUID_INK,1849,29,,,,,1852,29,,,,,1850.5,0.0
1,26000,SQUID_INK,1851,1,1849.0,27.0,,,1852,27,,,,,1851.5,0.0
1,26100,SQUID_INK,1850,1,1849.0,2.0,1848.0,25.0,1851,1,1852.0,24.0,,,1850.5,0.0
1,26200,SQUID_INK,1848,29,,,,,1851,29,,,,,1849.5,0.0
1,26300,SQUID_INK,1847,25,,,,,1851,26,,,,,1849.0,0.0
1,26400,SQUID_INK,1848,27,,,,,1851,27,,,,,1849.5,0.0
1,26500,SQUID_INK,1847,22,,,,,1850,22,,,,,1848.5,0.0
1,26600,SQUID_INK,1847,31,,,,,1850,31,,,,,1848.5,0.0
1,26700,SQUID_INK,1846,1,1845.0,8.0,1844.0,26.0,1847,26,,,,,1846.5,0.0
1,26800,SQUID_INK,1844,20,,,,,1847,20,,,,,1845.5,0.0
1,26900,SQUID_INK,1846,22,,,,,1849,22,,,,,1847.5,0.0
1,27000,SQUID_INK,1849,27,,,,,1850,6,1852.0,27.0,,,1849.5,0.0
1,27100,SQUID_INK,1851,1,1849.0,29.0,,,1852,29,,,,,1851.5,0.0
1,27200,SQUID_INK,1853,1,1851.0,32.0,,,1854,25,,,,,1853.5,0.0
1,27300,SQUID_INK,1850,24,,,,,1853,25,,,,,1851.5,0.0
1,27400,SQUID_INK,1849,6,1848.0,23.0,,,1851,1,1852.0,22.0,,,1850.0,0.0
1,27500,SQUID_INK,1848,30,,,,,1851,30,,,,,1849.5,0.0
1,27600,SQUID_INK,1851,1,1849.0,34.0,,,1852,28,,,,,1851.5,0.0
1,27700,SQUID_INK,1849,32,,,,,1852,32,,,,,1850.5,0.0
1,27800,SQUID_INK,1848,27,,,,,1851,22,,,,,1849.5,0.0
1,27900,SQUID_INK,1848,29,,,,,1850,8,1851.0,29.0,,,1849.0,0.0
1,28000,SQUID_INK,1849,26,,,,,1852,22,,,,,1850.5,0.0
1,28100,SQUID_INK,1848,1,1847.0,20.0,,,1851,21,,,,,1849.5,0.0
1,28200,SQUID_INK,1849,23,,,,,1852,23,,,,,1850.5,0.0
1,28300,SQUID_INK,1849,30,,,,,1852,30,,,,,1850.5,0.0
1,28400,SQUID_INK,1849,20,,,,,1853,20,,,,,1851.0,0.0
1,28500,SQUID_INK,1847,33,,,,,1850,30,,,,,1848.5,0.0
1,28600,SQUID_INK,1848,27,,,,,1849,5,1851.0,28.0,,,1848.5,0.0
1,28700,SQUID_INK,1848,23,,,,,1851,24,,,,,1849.5,0.0
1,28800,SQUID_INK,1848,21,,,,,1851,21,,,,,1849.5,0.0
1,28900,SQUID_INK,1850,24,,,,,1853,23,,,,,1851.5,0.0
1,29000,SQUID_INK,1851,2,1850.0,24.0,,,1854,26,,,,,1852.5,0.0
1,29100,SQUID_INK,1850,23,,,,,1853,23,,,,,1851.5,0.0
1,29200,SQUID_INK,1850,23,,,,,1853,1,1854.0,22.0,,,1851.5,0.0
1,29300,SQUID_INK,1850,1,1849.0,22.0,,,1853,23,,,,,1851.5,0.0
1,29400,SQUID_INK,1851,25,,,,,1854,25,,,,,1852.5,0.0
1,29500,SQUID_INK,1850,19,,,,,1853,20,,,,,1851.5,0.0
1,29600,SQUID_INK,1853,27,,,,,1854,4,1856.0,27.0,,,1853.5,0.0
1,29700,SQUID_INK,1851,1,1850.0,22.0,,,1852,8,1854.0,23.0,,,1851.5,0.0
1,29800,SQUID_INK,1855,1,1853.0,29.0,,,1856,25,,,,,1855.5,0.0
1,29900,SQUID_INK,1854,32,,,,,1857,32,,,,,1855.5,0.0
1,30000,SQUID_INK,1854,29,,,,,1857,25,,,,,1855.5,0.0
1,30100,SQUID_INK,1853,21,,,,,1856,21,,,,,1854.5,0.0
1,30200,SQUID_INK,1851,30,,,,,1854,2,1855.0,28.0,,,1852.5,0.0
1,30300,SQUID_INK,1851,31,,,,,1853,1,1854.0,31.0,,,1852.0,0.0
1,30400,SQUID_INK,1852,2,1850.0,30.0,,,1853,30,,,,,1852.5,0.0
1,30500,SQUID_INK,1852,35,,,,,1855,30,,,,,1853.5,0.0
1,30600,SQUID_INK,1851,2,1850.0,30.0,,,1852,7,1854.0,32.0,,,1851.5,0.0
1,30700,SQUID_INK,1851,2,1850.0,27.0,,,1854,29,,,,,1852.5,0.0
1,30800,SQUID_INK,1849,31,,,,,1852,31,,,,,1850.5,0.0
1,30900,SQUID_INK,1850,21,,,,,1852,7,1853.0,21.0,,,1851.0,0.0
1,31000,SQUID_INK,1851,6,1849.0,28.0,,,1852,2,1853.0,26.0,,,1851.5,0.0
1,31100,SQUID_INK,1850,14,,,,,1853,23,,,,,1851.5,0.0
1,31200,SQUID_INK,1850,21,,,,,1852,8,1853.0,22.0,,,1851.0,0.0
1,31300,SQUID_INK,1851,2,1850.0,20.0,,,1854,22,,,,,1852.5,0.0
1,31400,SQUID_INK,1851,22,,,,,1855,22,,,,,1853.0,0.0
1,31500,SQUID_INK,1852,22,,,,,1855,22,,,,,1853.5,0.0
1,31600,SQUID_INK,1851,24,,,,,1854,24,,,,,1852.5,0.0
1,31700,SQUID_INK,1852,29,,,,,1856,29,,,,,1854.0,0.0
1,31800,SQUID_INK,1850,2,1849.0,24.0,,,1852,24,,,,,1851.0,0.0
1,31900,SQUID_INK,1848,8,1847.0,26.0,,,1851,28,,,,,1849.5,0.0
1,32000,SQUID_INK,1847,22,,,,,1850,22,,,,,1848.5,0.0
1,32100,SQUID_INK,1848,25,,,,,1851,25,,,,,1849.5,0.0
1,32200,SQUID_INK,1846,25,,,,,1849,25,,,,,1847.5,0.0
1,32300,SQUID_INK,1847,3,1846.0,32.0,,,1849,32,,,,,1848.0,0.0
1,32400,SQUID_INK,1846,29,,,,,1849,29,,,,,1847.5,0.0
1,32500,SQUID_INK,1846,1,1845.0,26.0,,,1848,2,1849.0,24.0,,,1847.0,0.0
1,32600,SQUID_INK,1843,28,,,,,1846,28,,,,,1844.5,0.0
1,32700,SQUID_INK,1839,32,,,,,1842,32,,,,,1840.5,0.0
1,32800,SQUID_INK,1838,29,,,,,1841,29,,,,,1839.5,0.0
1,32900,SQUID_INK,1834,21,,,,,1837,21,,,,,1835.5,0.0
1,33000,SQUID_INK,1837,28,,,,,1839,4,1840.0,28.0,,,1838.0,0.0
1,33100,SQUID_INK,1836,26,,,,,1839,26,,,,,1837.5,0.0
1,33200,SQUID_INK,1835,24,,,,,1837,5,1838.0,24.0,,,1836.0,0.0
1,33300,SQUID_INK,1833,31,,,,,1836,31,,,,,1834.5,0.0
1,33400,SQUID_INK,1833,20,,,,,1835,2,1836.0,20.0,,,1834.0,0.0
1,33500,SQUID_INK,1840,23,,,,,1843,23,,,,,1841.5,0.0
1,33600,SQUID_INK,1843,27,,,,,1846,27,,,,,1844.5,0.0
1,33700,SQUID_INK,1842,26,,,,,1844,6,1845.0,26.0,,,1843.0,0.0
1,33800,SQUID_INK,1845,21,,,,,1848,21,,,,,1846.5,0.0
1,33900,SQUID_INK,1845,28,,,,,1848,28,,,,,1846.5,0.0
1,34000,SQUID_INK,1848,1,1846.0,30.0,,,1849,30,,,,,1848.5,0.0
1,34100,SQUID_INK,1845,27,,,,,1848,2,1849.0,25.0,,,1846.5,0.0
1,34200,SQUID_INK,1847,32,,,,,1850,32,,,,,1848.5,0.0
1,34300,SQUID_INK,1846,28,,,,,1849,29,,,,,1847.5,0.0
1,34400,SQUID_INK,1846,30,,,,,1849,30,,,,,1847.5,0.0
1,34500,SQUID_INK,1844,24,,,,,1847,24,,,,,1845.5,0.0
1,34600,SQUID_INK,1846,24,,,,,1849,24,,,,,1847.5,0.0
1,34700,SQUID_INK,1847,32,,,,,1850,25,,,,,1848.5,0.0
1,34800,SQUID_INK,1846,14,,,,,1849,24,,,,,1847.5,0.0
1,34900,SQUID_INK,1844,24,,,,,1848,24,,,,,1846.0,0.0
1,35000,SQUID_INK,1844,29,,,,,1847,29,,,,,1845.5,0.0
1,35100,SQUID_INK,1844,23,,,,,1847,23,,,,,1845.5,0.0
1,35200,SQUID_INK,1844,24,,,,,1846,3,1847.0,24.0,,,1845.0,0.0
1,35300,SQUID_INK,1845,31,,,,,1848,23,,,,,1846.5,0.0
1,35400,SQUID_INK,1844,27,,,,,1847,27,,,,,1845.5,0.0
1,35500,SQUID_INK,1845,29,,,,,1848,29,,,,,1846.5,0.0
1,35600,SQUID_INK,1844,24,,,,,1847,24,,,,,1845.5,0.0
1,35700,SQUID_INK,1842,31,,,,,1845,31,,,,,1843.5,0.0
1,35800,SQUID_INK,1843,29,,,,,1846,23,,,,,1844.5,0.0
1,35900,SQUID_INK,1839,30,,,,,1842,2,1843.0,28.0,,,1840.5,0.0
1,36000,SQUID_INK,1841,30,,,,,1842,2,1843.0,2.0,1844.0,30.0,1841.5,0.0
1,36100,SQUID_INK,1841,23,,,,,1843,6,1844.0,23.0,,,1842.0,0.0
1,36200,SQUID_INK,1842,30,,,,,1845,30,,,,,1843.5,0.0
1,36300,SQUID_INK,1843,31,,,,,1846,31,,,,,1844.5,0.0
1,36400,SQUID_INK,1842,30,,,,,1845,29,,,,,1843.5,0.0
1,36500,SQUID_INK,1843,28,,,,,1846,29,,,,,1844.5,0.0
1,36600,SQUID_INK,1841,31,,,,,1842,2,1844.0,31.0,,,1841.5,0.0
1,36700,SQUID_INK,1842,22,,,,,1845,22,,,,,1843.5,0.0
1,36800,SQUID_INK,1844,2,1843.0,23.0,,,1847,25,,,,,1845.5,0.0
1,36900,SQUID_INK,1845,22,,,,,1848,22,,,,,1846.5,0.0
1,37000,SQUID_INK,1844,22,,,,,1847,22,,,,,1845.5,0.0
1,37100,SQUID_INK,1845,5,1844.0,24.0,,,1847,24,,,,,1846.0,0.0
1,37200,SQUID_INK,1844,29,,,,,1847,29,,,,,1845.5,0.0
1,37300,SQUID_INK,1840,23,,,,,1842,4,1843.0,23.0,,,1841.0,0.0
1,37400,SQUID_INK,1842,26,,,,,1845,22,,,,,1843.5,0.0
1,37500,SQUID_INK,1844,5,1843.0,31.0,,,1846,31,,,,,1845.0,0.0
1,37600,SQUID_INK,1845,25,,,,,1847,5,1848.0,25.0,,,1846.0,0.0
1,37700,SQUID_INK,1844,20,,,,,1847,20,,,,,1845.5,0.0
1,37800,SQUID_INK,1848,25,,,,,1851,25,,,,,1849.5,0.0
1,37900,SQUID_INK,1848,29,,,,,1851,29,,,,,1849.5,0.0
1,38000,SQUID_INK,1848,30,,,,,1852,30,,,,,1850.0,0.0
1,38100,SQUID_INK,1848,29,,,,,1850,4,1851.0,29.0,,,1849.0,0.0
1,38200,SQUID_INK,1848,31,,,,,1851,31,,,,,1849.5,0.0
1,38300,SQUID_INK,1849,27,,,,,1852,22,,,,,1850.5,0.0
1,38400,SQUID_INK,1849,29,,,,,1850,2,1853.0,31.0,,,1849.5,0.0
1,38500,SQUID_INK,1850,24,,,,,1853,24,,,,,1851.5,0.0
1,38600,SQUID_INK,1850,31,,,,,1853,31,,,,,1851.5,0.0
1,38700,SQUID_INK,1850,21,,,,,1853,22,,,,,1851.5,0.0
1,38800,SQUID_INK,1850,27,,,,,1852,2,1853.0,27.0,,,1851.0,0.0
1,38900,SQUID_INK,1851,25,,,,,1854,25,,,,,1852.5,0.0
1,39000,SQUID_INK,1852,1,1851.0,23.0,,,1853,9,1855.0,24.0,,,1852.5,0.0
1,39100,SQUID_INK,1850,38,,,,,1853,30,,,,,1851.5,0.0
1,39200,SQUID_INK,1849,26,,,,,1850,4,1852.0,21.0,,,1849.5,0.0
1,39300,SQUID_INK,1849,24,,,,,1853,24,,,,,1851.0,0.0
1,39400,SQUID_INK,1848,21,,,,,1851,21,,,,,1849.5,0.0
1,39500,SQUID_INK,1847,29,,,,,1849,3,1851.0,29.0,,,1848.0,0.0
1,39600,SQUID_INK,1849,31,,,,,1852,31,,,,,1850.5,0.0
1,39700,SQUID_INK,1849,29,,,,,1850,6,1852.0,30.0,,,1849.5,0.0
1,39800,SQUID_INK,1849,24,,,,,1852,24,,,,,1850.5,0.0
1,39900,SQUID_INK,1849,29,,,,,1851,7,1853.0,29.0,,,1850.0,0.0
1,40000,SQUID_INK,1849,26,,,,,1852,26,,,,,1850.5,0.0
1,40100,SQUID_INK,1851,30,,,,,1853,4,1854.0,30.0,,,1852.0,0.0
1,40200,SQUID_INK,1851,25,,,,,1854,25,,,,,1852.5,0.0
1,40300,SQUID_INK,1851,30,,,,,1854,30,,,,,1852.5,0.0
1,40400,SQUID_INK,1852,25,,,,,1855,25,,,,,1853.5,0.0
1,40500,SQUID_INK,1851,22,,,,,1854,22,,,,,1852.5,0.0
1,40600,SQUID_INK,1851,28,,,,,1854,28,,,,,1852.5,0.0
1,40700,SQUID_INK,1854,1,1853.0,6.0,1852.0,30.0,1856,30,,,,,1855.0,0.0
1,40800,SQUID_INK,1852,21,,,,,1855,21,,,,,1853.5,0.0
1,40900,SQUID_INK,1852,3,1851.0,25.0,,,1855,25,,,,,1853.5,0.0
1,41000,SQUID_INK,1852,21,,,,,1853,2,1854.0,7.0,1855.0,21.0,1852.5,0.0
1,41100,SQUID_INK,1851,25,,,,,1854,25,,,,,1852.5,0.0
1,41200,SQUID_INK,1852,20,,,,,1855,20,,,,,1853.5,0.0
1,41300,SQUID_INK,1856,35,,,,,1859,27,,,,,1857.5,0.0
1,41400,SQUID_INK,1855,30,,,,,1858,30,,,,,1856.5,0.0
1,41500,SQUID_INK,1854,38,,,,,1857,31,,,,,1855.5,0.0
1,41600,SQUID_INK,1853,26,,,,,1856,26,,,,,1854.5,0.0
1,41700,SQUID_INK,1859,2,1857.0,23.0,,,1860,23,,,,,1859.5,0.0
1,41800,SQUID_INK,1857,21,,,,,1860,22,,,,,1858.5,0.0
1,41900,SQUID_INK,1855,28,,,,,1859,28,,,,,1857.0,0.0
1,42000,SQUID_INK,1857,28,,,,,1860,28,,,,,1858.5,0.0
1,42100,SQUID_INK,1857,29,,,,,1860,22,,,,,1858.5,0.0
1,42200,SQUID_INK,1858,22,,,,,1861,22,,,,,1859.5,0.0
1,42300,SQUID_INK,1860,22,,,,,1863,22,,,,,1861.5,0.0
1,42400,SQUID_INK,1859,28,,,,,1862,2,1863.0,26.0,,,1860.5,0.0
1,42500,SQUID_INK,1860,24,,,,,1861,2,1863.0,24.0,,,1860.5,0.0
1,42600,SQUID_INK,1860,1,1858.0,28.0,,,1861,28,,,,,1860.5,0.0
1,42700,SQUID_INK,1860,24,,,,,1863,24,,,,,1861.5,0.0
1,42800,SQUID_INK,1858,29,,,,,1859,2,1861.0,29.0,,,1858.5,0.0
1,42900,SQUID_INK,1860,20,,,,,1863,20,,,,,1861.5,0.0
1,43000,SQUID_INK,1864,27,,,,,1867,27,,,,,1865.5,0.0
1,43100,SQUID_INK,1865,1,1864.0,24.0,,,1868,25,,,,,1866.5,0.0
1,43200,SQUID_INK,1863,31,,,,,1866,31,,,,,1864.5,0.0
1,43300,SQUID_INK,1864,1,1861.0,20.0,,,1865,20,,,,,1864.5,0.0
1,43400,SQUID_INK,1860,24,,,,,1863,24,,,,,1861.5,0.0
1,43500,SQUID_INK,1861,31,,,,,1864,25,,,,,1862.5,0.0
1,43600,SQUID_INK,1853,22,,,,,1855,1,1856.0,22.0,,,1854.0,0.0
1,43700,SQUID_INK,1853,30,,,,,1856,30,,,,,1854.5,0.0
1,43800,SQUID_INK,1853,1,1852.0,22.0,,,1856,23,,,,,1854.5,0.0
1,43900,SQUID_INK,1852,32,,,,,1855,26,,,,,1853.5,0.0
1,44000,SQUID_INK,1852,27,,,,,1855,27,,,,,1853.5,0.0
1,44100,SQUID_INK,1849,24,,,,,1851,4,1852.0,24.0,,,1850.0,0.0
1,44200,SQUID_INK,1847,24,,,,,1850,24,,,,,1848.5,0.0
1,44300,SQUID_INK,1850,26,,,,,1853,26,,,,,1851.5,0.0
1,44400,SQUID_INK,1850,1,1849.0,26.0,,,1853,26,,,,,1851.5,0.0
1,44500,SQUID_INK,1849,30,,,,,1852,30,,,,,1850.5,0.0
1,44600,SQUID_INK,1850,22,,,,,1853,22,,,,,1851.5,0.0
1,44700,SQUID_INK,1849,27,,,,,1851,6,1852.0,2.0,1853.0,25.0,1850.0,0.0
1,44800,SQUID_INK,1849,25,,,,,1851,3,1852.0,25.0,,,1850.0,0.0
1,44900,SQUID_INK,1849,23,,,,,1852,23,,,,,1850.5,0.0
1,45000,SQUID_INK,1847,27,,,,,1850,28,,,,,1848.5,0.0
1,45100,SQUID_INK,1848,27,,,,,1851,27,,,,,1849.5,0.0
1,45200,SQUID_INK,1848,20,,,,,1851,21,,,,,1849.5,0.0
1,45300,SQUID_INK,1848,22,,,,,1851,23,,,,,1849.5,0.0
1,45400,SQUID_INK,1846,25,,,,,1849,25,,,,,1847.5,0.0
1,45500,SQUID_INK,1846,21,,,,,1847,3,1849.0,21.0,,,1846.5,0.0
1,45600,SQUID_INK,1847,24,,,,,1849,6,1850.0,24.0,,,1848.0,0.0
1,45700,SQUID_INK,1847,23,,,,,1850,23,,,,,1848.5,0.0
1,45800,SQUID_INK,1848,5,1847.0,2.0,1846.0,30.0,1850,32,,,,,1849.0,0.0
1,45900,SQUID_INK,1847,25,,,,,1851,26,,,,,1849.0,0.0
1,46000,SQUID_INK,1848,23,,,,,1851,23,,,,,1849.5,0.0
1,46100,SQUID_INK,1849,29,,,,,1852,25,,,,,1850.5,0.0
1,46200,SQUID_INK,1849,28,,,,,1852,24,,,,,1850.5,0.0
1,46300,SQUID_INK,1848,28,,,,,1851,28,,,,,1849.5,0.0
1,46400,SQUID_INK,1849,1,1847.0,24.0,,,1851,24,,,,,1850.0,0.0
1,46500,SQUID_INK,1847,2,1845.0,30.0,,,1848,30,,,,,1847.5,0.0
1,46600,SQUID_INK,1848,1,1847.0,4.0,1846.0,28.0,1850,28,,,,,1849.0,0.0
1,46700,SQUID_INK,1844,30,,,,,1847,30,,,,,1845.5,0.0
1,46800,SQUID_INK,1847,25,,,,,1850,25,,,,,1848.5,0.0
1,46900,SQUID_INK,1846,30,,,,,1847,10,1850.0,30.0,,,1846.5,0.0
1,47000,SQUID_INK,1843,23,,,,,1846,1,1847.0,22.0,,,1844.5,0.0
1,47100,SQUID_INK,1843,22,,,,,1846,22,,,,,1844.5,0.0
1,47200,SQUID_INK,1848,1,1846.0,23.0,,,1849,23,,,,,1848.5,0.0
1,47300,SQUID_INK,1846,5,1845.0,21.0,,,1849,21,,,,,1847.5,0.0
1,47400,SQUID_INK,1847,5,1845.0,22.0,,,1849,22,,,,,1848.0,0.0
1,47500,SQUID_INK,1846,22,,,,,1848,5,1849.0,22.0,,,1847.0,0.0
1,47600,SQUID_INK,1846,21,,,,,1849,21,,,,,1847.5,0.0
1,47700,SQUID_INK,1845,23,,,,,1847,4,1849.0,23.0,,,1846.0,0.0
1,47800,SQUID_INK,1845,20,,,,,1847,7,1848.0,20.0,,,1846.0,0.0
1,47900,SQUID_INK,1845,23,,,,,1848,23,,,,,1846.5,0.0
1,48000,SQUID_INK,1845,1,1844.0,26.0,,,1848,27,,,,,1846.5,0.0
1,48100,SQUID_INK,1844,30,,,,,1845,1,1847.0,30.0,,,1844.5,0.0
1,48200,SQUID_INK,1842,28,,,,,1845,27,,,,,1843.5,0.0
1,48300,SQUID_INK,1839,17,,,,,1842,21,,,,,1840.5,0.0
1,48400,SQUID_INK,1838,32,,,,,1840,6,1841.0,32.0,,,1839.0,0.0
1,48500,SQUID_INK,1838,29,,,,,1841,29,,,,,1839.5,0.0
1,48600,SQUID_INK,1839,1,1838.0,26.0,,,1842,27,,,,,1840.5,0.0
1,48700,SQUID_INK,1840,23,,,,,1841,2,1843.0,23.0,,,1840.5,0.0
1,48800,SQUID_INK,1839,29,,,,,1842,29,,,,,1840.5,0.0
1,48900,SQUID_INK,1839,22,,,,,1840,1,1843.0,22.0,,,1839.5,0.0
1,49000,SQUID_INK,1838,29,,,,,1841,29,,,,,1839.5,0.0
1,49100,SQUID_INK,1834,30,,,,,1837,30,,,,,1835.5,0.0
1,49200,SQUID_INK,1833,26,,,,,1836,26,,,,,1834.5,0.0
1,49300,SQUID_INK,1834,35,,,,,1837,29,,,,,1835.5,0.0
1,49400,SQUID_INK,1833,1,1832.0,22.0,,,1836,23,,,,,1834.5,0.0
1,49500,SQUID_INK,1833,25,,,,,1836,25,,,,,1834.5,0.0
1,49600,SQUID_INK,1831,30,,,,,1832,3,1834.0,30.0,,,1831.5,0.0
1,49700,SQUID_INK,1832,1,1830.0,27.0,,,1833,21,,,,,1832.5,0.0
1,49800,SQUID_INK,1832,19,,,,,1835,20,,,,,1833.5,0.0
1,49900,SQUID_INK,1833,5,1832.0,24.0,,,1835,24,,,,,1834.0,0.0
1,50000,SQUID_INK,1830,26,,,,,1834,26,,,,,1832.0,0.0
1,50100,SQUID_INK,1832,24,,,,,1835,24,,,,,1833.5,0.0
1,50200,SQUID_INK,1832,29,,,,,1835,29,,,,,1833.5,0.0
1,50300,SQUID_INK,1832,23,,,,,1833,4,1835.0,23.0,,,1832.5,0.0
1,50400,SQUID_INK,1831,22,,,,,1834,23,,,,,1832.5,0.0
1,50500,SQUID_INK,1832,4,1831.0,28.0,,,1834,28,,,,,1833.0,0.0
1,50600,SQUID_INK,1831,24,,,,,1832,4,1834.0,24.0,,,1831.5,0.0
1,50700,SQUID_INK,1829,20,,,,,1833,20,,,,,1831.0,0.0
1,50800,SQUID_INK,1830,28,,,,,1833,28,,,,,1831.5,0.0
1,50900,SQUID_INK,1831,29,,,,,1832,5,1834.0,30.0,,,1831.5,0.0
1,51000,SQUID_INK,1831,2,1830.0,23.0,,,1834,25,,,,,1832.5,0.0
1,51100,SQUID_INK,1831,32,,,,,1834,29,,,,,1832.5,0.0
1,51200,SQUID_INK,1831,30,,,,,1834,30,,,,,1832.5,0.0
1,51300,SQUID_INK,1830,25,,,,,1833,25,,,,,1831.5,0.0
1,51400,SQUID_INK,1829,23,,,,,1831,5,1832.0,23.0,,,1830.0,0.0
1,51500,SQUID_INK,1829,21,,,,,1832,21,,,,,1830.5,0.0
1,51600,SQUID_INK,1829,3,1828.0,23.0,,,1831,23,,,,,1830.0,0.0
1,51700,SQUID_INK,1828,2,1827.0,30.0,,,1831,32,,,,,1829.5,0.0
1,51800,SQUID_INK,1828,25,,,,,1831,25,,,,,1829.5,0.0
1,51900,SQUID_INK,1828,28,,,,,1831,28,,,,,1829.5,0.0
1,52000,SQUID_INK,1829,26,,,,,1830,5,1832.0,21.0,,,1829.5,0.0
1,52100,SQUID_INK,1827,28,,,,,1830,28,,,,,1828.5,0.0
1,52200,SQUID_INK,1827,22,,,,,1830,23,,,,,1828.5,0.0
1,52300,SQUID_INK,1827,30,,,,,1831,30,,,,,1829.0,0.0
1,52400,SQUID_INK,1834,2,1833.0,20.0,,,1835,4,1837.0,21.0,,,1834.5,0.0
1,52500,SQUID_INK,1834,27,,,,,1837,27,,,,,1835.5,0.0
1,52600,SQUID_INK,1834,31,,,,,1837,31,,,,,1835.5,0.0
1,52700,SQUID_INK,1838,1,1836.0,25.0,,,1839,25,,,,,1838.5,0.0
1,52800,SQUID_INK,1839,1,1837.0,28.0,,,1840,2,1841.0,26.0,,,1839.5,0.0
1,52900,SQUID_INK,1839,27,,,,,1842,27,,,,,1840.5,0.0
1,53000,SQUID_INK,1840,1,1839.0,29.0,,,1843,30,,,,,1841.5,0.0
1,53100,SQUID_INK,1838,23,,,,,1841,23,,,,,1839.5,0.0
1,53200,SQUID_INK,1839,1,1837.0,23.0,,,1841,23,,,,,1840.0,0.0
1,53300,SQUID_INK,1840,20,,,,,1843,20,,,,,1841.5,0.0
1,53400,SQUID_INK,1841,7,1840.0,32.0,,,1843,2,1844.0,30.0,,,1842.0,0.0
1,53500,SQUID_INK,1840,25,,,,,1841,2,1843.0,25.0,,,1840.5,0.0
1,53600,SQUID_INK,1840,23,,,,,1843,23,,,,,1841.5,0.0
1,53700,SQUID_INK,1840,24,,,,,1843,23,,,,,1841.5,0.0
1,53800,SQUID_INK,1838,29,,,,,1842,29,,,,,1840.0,0.0
1,53900,SQUID_INK,1838,26,,,,,1839,4,1841.0,26.0,,,1838.5,0.0
1,54000,SQUID_INK,1837,29,,,,,1840,22,,,,,1838.5,0.0
1,54100,SQUID_INK,1839,4,1838.0,22.0,,,1841,22,,,,,1840.0,0.0
1,54200,SQUID_INK,1839,20,,,,,1843,21,,,,,1841.0,0.0
1,54300,SQUID_INK,1836,28,,,,,1839,28,,,,,1837.5,0.0
1,54400,SQUID_INK,1836,22,,,,,1839,22,,,,,1837.5,0.0
1,54500,SQUID_INK,1835,29,,,,,1838,29,,,,,1836.5,0.0
1,54600,SQUID_INK,1836,30,,,,,1839,30,,,,,1837.5,0.0
1,54700,SQUID_INK,1839,23,,,,,1842,23,,,,,1840.5,0.0
1,54800,SQUID_INK,1840,32,,,,,1843,25,,,,,1841.5,0.0
1,54900,SQUID_INK,1839,24,,,,,1841,1,1842.0,24.0,,,1840.0,0.0
1,55000,SQUID_INK,1839,22,,,,,1841,7,1842.0,22.0,,,1840.0,0.0
1,55100,SQUID_INK,1839,26,,,,,1842,26,,,,,1840.5,0.0
1,55200,SQUID_INK,1837,25,,,,,1841,26,,,,,1839.0,0.0
1,55300,SQUID_INK,1836,22,,,,,1838,3,1839.0,22.0,,,1837.0,0.0
1,55400,SQUID_INK,1837,5,1836.0,28.0,,,1839,28,,,,,1838.0,0.0
1,55500,SQUID_INK,1840,24,,,,,1842,2,1843.0,24.0,,,1841.0,0.0
1,55600,SQUID_INK,1840,23,,,,,1844,23,,,,,1842.0,0.0
1,55700,SQUID_INK,1840,22,,,,,1843,22,,,,,1841.5,0.0
1,55800,SQUID_INK,1839,34,,,,,1842,26,,,,,1840.5,0.0
1,55900,SQUID_INK,1840,4,1839.0,20.0,,,1842,20,,,,,1841.0,0.0
1,56000,SQUID_INK,1837,2,1836.0,25.0,,,1838,7,1839.0,1.0,1840.0,24.0,1837.5,0.0
1,56100,SQUID_INK,1837,28,,,,,1840,28,,,,,1838.5,0.0
1,56200,SQUID_INK,1834,31,,,,,1835,4,1837.0,31.0,,,1834.5,0.0
1,56300,SQUID_INK,1835,28,,,,,1838,28,,,,,1836.5,0.0
1,56400,SQUID_INK,1835,29,,,,,1838,29,,,,,1836.5,0.0
1,56500,SQUID_INK,1836,21,,,,,1839,21,,,,,1837.5,0.0
1,56600,SQUID_INK,1839,30,,,,,1840,3,1842.0,30.0,,,1839.5,0.0
1,56700,SQUID_INK,1841,25,,,,,1844,27,,,,,1842.5,0.0
1,56800,SQUID_INK,1841,31,,,,,1844,23,,,,,1842.5,0.0
1,56900,SQUID_INK,1842,21,,,,,1845,21,,,,,1843.5,0.0
1,57000,SQUID_INK,1843,22,,,,,1846,22,,,,,1844.5,0.0
1,57100,SQUID_INK,1846,1,1844.0,24.0,,,1848,24,,,,,1847.0,0.0
1,57200,SQUID_INK,1847,26,,,,,1850,26,,,,,1848.5,0.0
1,57300,SQUID_INK,1847,31,,,,,1849,1,1850.0,31.0,,,1848.0,0.0
1,57400,SQUID_INK,1846,28,,,,,1849,28,,,,,1847.5,0.0
1,57500,SQUID_INK,1844,2,1843.0,21.0,,,1847,21,,,,,1845.5,0.0
1,57600,SQUID_INK,1843,5,1841.0,22.0,,,1845,22,,,,,1844.0,0.0
1,57700,SQUID_INK,1839,22,,,,,1842,22,,,,,1840.5,0.0
1,57800,SQUID_INK,1840,35,,,,,1843,28,,,,,1841.5,0.0
1,57900,SQUID_INK,1840,23,,,,,1843,28,,,,,1841.5,0.0
1,58000,SQUID_INK,1840,28,,,,,1843,28,,,,,1841.5,0.0
1,58100,SQUID_INK,1837,20,,,,,1841,20,,,,,1839.0,0.0
1,58200,SQUID_INK,1837,29,,,,,1840,29,,,,,1838.5,0.0
1,58300,SQUID_INK,1836,30,,,,,1840,30,,,,,1838.0,0.0
1,58400,SQUID_INK,1837,25,,,,,1840,25,,,,,1838.5,0.0
1,58500,SQUID_INK,1841,22,,,,,1843,2,1844.0,22.0,,,1842.0,0.0
1,58600,SQUID_INK,1840,23,,,,,1843,23,,,,,1841.5,0.0
1,58700,SQUID_INK,1838,1,1837.0,29.0,,,1839,4,1841.0,30.0,,,1838.5,0.0
1,58800,SQUID_INK,1837,31,,,,,1839,5,1840.0,1.0,1841.0,30.0,1838.0,0.0
1,58900,SQUID_INK,1841,1,1839.0,25.0,,,1842,25,,,,,1841.5,0.0
1,59000,SQUID_INK,1839,24,,,,,1842,24,,,,,1840.5,0.0
1,59100,SQUID_INK,1840,21,,,,,1843,21,,,,,1841.5,0.0
1,59200,SQUID_INK,1842,10,1840.0,33.0,,,1843,25,,,,,1842.5,0.0
1,59300,SQUID_INK,1841,22,,,,,1844,22,,,,,1842.5,0.0
1,59400,SQUID_INK,1842,23,,,,,1845,23,,,,,1843.5,0.0
1,59500,SQUID_INK,1841,24,,,,,1844,24,,,,,1842.5,0.0
1,59600,SQUID_INK,1841,25,,,,,1844,25,,,,,1842.5,0.0
1,59700,SQUID_INK,1844,1,1842.0,26.0,,,1845,26,,,,,1844.5,0.0
1,59800,SQUID_INK,1843,24,,,,,1846,2,1847.0,22.0,,,1844.5,0.0
1,59900,SQUID_INK,1845,25,,,,,1847,4,1848.0,25.0,,,1846.0,0.0
1,60000,SQUID_INK,1842,31,,,,,1845,26,,,,,1843.5,0.0
1,60100,SQUID_INK,1845,28,,,,,1848,28,,,,,1846.5,0.0
1,60200,SQUID_INK,1842,26,,,,,1845,1,1846.0,25.0,,,1843.5,0.0
1,60300,SQUID_INK,1839,24,,,,,1842,24,,,,,1840.5,0.0
1,60400,SQUID_INK,1839,24,,,,,1842,24,,,,,1840.5,0.0
1,60500,SQUID_INK,1842,25,,,,,1843,2,1846.0,25.0,,,1842.5,0.0
1,60600,SQUID_INK,1840,21,,,,,1843,1,1844.0,21.0,,,1841.5,0.0
1,60700,SQUID_INK,1842,9,1840.0,24.0,,,1843,24,,,,,1842.5,0.0
1,60800,SQUID_INK,1842,1,1840.0,28.0,,,1843,28,,,,,1842.5,0.0
1,60900,SQUID_INK,1843,1,1841.0,29.0,,,1844,29,,,,,1843.5,0.0
1,61000,SQUID_INK,1841,26,,,,,1844,26,,,,,1842.5,0.0
1,61100,SQUID_INK,1841,31,,,,,1844,31,,,,,1842.5,0.0
1,61200,SQUID_INK,1841,24,,,,,1844,22,,,,,1842.5,0.0
1,61300,SQUID_INK,1841,27,,,,,1844,27,,,,,1842.5,0.0
1,61400,SQUID_INK,1841,28,,,,,1844,28,,,,,1842.5,0.0
1,61500,SQUID_INK,1844,1,1842.0,22.0,,,1845,22,,,,,1844.5,0.0
1,61600,SQUID_INK,1844,28,,,,,1847,1,1848.0,27.0,,,1845.5,0.0
1,61700,SQUID_INK,1840,23,,,,,1843,23,,,,,1841.5,0.0
1,61800,SQUID_INK,1840,25,,,,,1843,26,,,,,1841.5,0.0
1,61900,SQUID_INK,1840,28,,,,,1843,28,,,,,1841.5,0.0
1,62000,SQUID_INK,1840,24,,,,,1843,24,,,,,1841.5,0.0
1,62100,SQUID_INK,1840,27,,,,,1843,27,,,,,1841.5,0.0
1,62200,SQUID_INK,1840,24,,,,,1842,1,1843.0,24.0,,,1841.0,0.0
1,62300,SQUID_INK,1838,21,,,,,1841,21,,,,,1839.5,0.0
1,62400,SQUID_INK,1837,24,,,,,1841,24,,,,,1839.0,0.0
1,62500,SQUID_INK,1836,27,,,,,1839,27,,,,,1837.5,0.0
1,62600,SQUID_INK,1835,22,,,,,1838,22,,,,,1836.5,0.0
1,62700,SQUID_INK,1834,25,,,,,1837,25,,,,,1835.5,0.0
1,62800,SQUID_INK,1834,22,,,,,1837,22,,,,,1835.5,0.0
1,62900,SQUID_INK,1834,22,,,,,1837,22,,,,,1835.5,0.0
1,63000,SQUID_INK,1834,30,,,,,1838,30,,,,,1836.0,0.0
1,63100,SQUID_INK,1835,30,,,,,1838,30,,,,,1836.5,0.0
1,63200,SQUID_INK,1837,25,,,,,1840,25,,,,,1838.5,0.0
1,63300,SQUID_INK,1837,1,1835.0,30.0,,,1838,30,,,,,1837.5,0.0
1,63400,SQUID_INK,1834,24,,,,,1837,24,,,,,1835.5,0.0
1,63500,SQUID_INK,1837,3,1836.0,28.0,,,1839,28,,,,,1838.0,0.0
1,63600,SQUID_INK,1838,1,1836.0,22.0,,,1839,22,,,,,1838.5,0.0
1,63700,SQUID_INK,1835,21,,,,,1836,5,1837.0,7.0,1838.0,21.0,1835.5,0.0
1,63800,SQUID_INK,1834,28,,,,,1837,28,,,,,1835.5,0.0
1,63900,SQUID_INK,1833,22,,,,,1834,2,1836.0,22.0,,,1833.5,0.0
1,64000,SQUID_INK,1831,32,,,,,1834,30,,,,,1832.5,0.0
1,64100,SQUID_INK,1834,2,1833.0,26.0,,,1835,4,1837.0,28.0,,,1834.5,0.0
1,64200,SQUID_INK,1833,27,,,,,1836,27,,,,,1834.5,0.0
1,64300,SQUID_INK,1834,2,1833.0,22.0,,,1836,22,,,,,1835.0,0.0
1,64400,SQUID_INK,1835,33,,,,,1838,29,,,,,1836.5,0.0
1,64500,SQUID_INK,1836,29,,,,,1839,22,,,,,1837.5,0.0
1,64600,SQUID_INK,1836,29,,,,,1839,29,,,,,1837.5,0.0
1,64700,SQUID_INK,1839,29,,,,,1842,29,,,,,1840.5,0.0
1,64800,SQUID_INK,1838,20,,,,,1841,21,,,,,1839.5,0.0
1,64900,SQUID_INK,1838,32,,,,,1841,32,,,,,1839.5,0.0
1,65000,SQUID_INK,1841,1,1839.0,27.0,,,1842,27,,,,,1841.5,0.0
1,65100,SQUID_INK,1838,26,,,,,1841,26,,,,,1839.5,0.0
1,65200,SQUID_INK,1838,31,,,,,1841,29,,,,,1839.5,0.0
1,65300,SQUID_INK,1837,29,,,,,1839,1,1840.0,29.0,,,1838.0,0.0
1,65400,SQUID_INK,1837,21,,,,,1838,2,1841.0,21.0,,,1837.5,0.0
1,65500,SQUID_INK,1838,20,,,,,1841,20,,,,,1839.5,0.0
1,65600,SQUID_INK,1838,6,1837.0,20.0,,,1841,20,,,,,1839.5,0.0
1,65700,SQUID_INK,1837,23,,,,,1840,24,,,,,1838.5,0.0
1,65800,SQUID_INK,1838,1,1837.0,30.0,,,1840,30,,,,,1839.0,0.0
1,65900,SQUID_INK,1838,26,,,,,1841,26,,,,,1839.5,0.0
1,66000,SQUID_INK,1838,31,,,,,1841,25,,,,,1839.5,0.0
1,66100,SQUID_INK,1839,1,1837.0,25.0,,,1840,25,,,,,1839.5,0.0
1,66200,SQUID_INK,1839,5,1838.0,1.0,1837.0,22.0,1841,23,,,,,1840.0,0.0
1,66300,SQUID_INK,1838,3,1837.0,20.0,,,1840,20,,,,,1839.0,0.0
1,66400,SQUID_INK,1838,26,,,,,1841,26,,,,,1839.5,0.0
1,66500,SQUID_INK,1839,1,1837.0,31.0,,,1840,31,,,,,1839.5,0.0
1,66600,SQUID_INK,1835,31,,,,,1838,31,,,,,1836.5,0.0
1,66700,SQUID_INK,1833,31,,,,,1836,26,,,,,1834.5,0.0
1,66800,SQUID_INK,1832,26,,,,,1835,26,,,,,1833.5,0.0
1,66900,SQUID_INK,1832,23,,,,,1835,20,,,,,1833.5,0.0
1,67000,SQUID_INK,1832,2,1831.0,22.0,,,1835,24,,,,,1833.5,0.0
1,67100,SQUID_INK,1833,26,,,,,1837,26,,,,,1835.0,0.0
1,67200,SQUID_INK,1833,23,,,,,1835,6,1836.0,23.0,,,1834.0,0.0
1,67300,SQUID_INK,1832,23,,,,,1835,22,,,,,1833.5,0.0
1,67400,SQUID_INK,1833,37,,,,,1836,29,,,,,1834.5,0.0
1,67500,SQUID_INK,1834,22,,,,,1837,22,,,,,1835.5,0.0
1,67600,SQUID_INK,1832,26,,,,,1835,26,,,,,1833.5,0.0
1,67700,SQUID_INK,1831,23,,,,,1832,3,1834.0,23.0,,,1831.5,0.0
1,67800,SQUID_INK,1833,38,,,,,1836,32,,,,,1834.5,0.0
1,67900,SQUID_INK,1832,26,,,,,1835,26,,,,,1833.5,0.0
1,68000,SQUID_INK,1835,1,1833.0,25.0,,,1836,25,,,,,1835.5,0.0
1,68100,SQUID_INK,1836,8,1835.0,26.0,,,1839,27,,,,,1837.5,0.0
1,68200,SQUID_INK,1835,24,,,,,1838,24,,,,,1836.5,0.0
1,68300,SQUID_INK,1835,1,1834.0,25.0,,,1838,26,,,,,1836.5,0.0
1,68400,SQUID_INK,1835,31,,,,,1838,31,,,,,1836.5,0.0
1,68500,SQUID_INK,1836,23,,,,,1838,5,1839.0,23.0,,,1837.0,0.0
1,68600,SQUID_INK,1838,27,,,,,1842,27,,,,,1840.0,0.0
1,68700,SQUID_INK,1838,22,,,,,1841,22,,,,,1839.5,0.0
1,68800,SQUID_INK,1837,1,1836.0,30.0,,,1838,6,1840.0,31.0,,,1837.5,0.0
1,68900,SQUID_INK,1835,25,,,,,1838,25,,,,,1836.5,0.0
1,69000,SQUID_INK,1836,28,,,,,1839,28,,,,,1837.5,0.0
1,69100,SQUID_INK,1837,27,,,,,1840,26,,,,,1838.5,0.0
1,69200,SQUID_INK,1838,21,,,,,1841,21,,,,,1839.5,0.0
1,69300,SQUID_INK,1839,24,,,,,1842,24,,,,,1840.5,0.0
1,69400,SQUID_INK,1839,4,1838.0,22.0,,,1842,22,,,,,1840.5,0.0
1,69500,SQUID_INK,1838,33,,,,,1841,31,,,,,1839.5,0.0
1,69600,SQUID_INK,1839,27,,,,,1842,27,,,,,1840.5,0.0
1,69700,SQUID_INK,1838,26,,,,,1841,26,,,,,1839.5,0.0
1,69800,SQUID_INK,1837,22,,,,,1840,23,,,,,1838.5,0.0
1,69900,SQUID_INK,1838,26,,,,,1841,26,,,,,1839.5,0.0
1,70000,SQUID_INK,1838,30,,,,,1841,30,,,,,1839.5,0.0
1,70100,SQUID_INK,1839,26,,,,,1842,27,,,,,1840.5,0.0
1,70200,SQUID_INK,1838,30,,,,,1841,30,,,,,1839.5,0.0
1,70300,SQUID_INK,1838,29,,,,,1841,25,,,,,1839.5,0.0
1,70400,SQUID_INK,1838,31,,,,,1841,31,,,,,1839.5,0.0
1,70500,SQUID_INK,1838,18,,,,,1841,21,,,,,1839.5,0.0
1,70600,SQUID_INK,1840,2,1839.0,23.0,,,1842,23,,,,,1841.0,0.0
1,70700,SQUID_INK,1838,27,,,,,1841,27,,,,,1839.5,0.0
1,70800,SQUID_INK,1838,22,,,,,1841,22,,,,,1839.5,0.0
1,70900,SQUID_INK,1838,20,,,,,1841,21,,,,,1839.5,0.0
1,71000,SQUID_INK,1837,30,,,,,1838,1,1840.0,30.0,,,1837.5,0.0
1,71100,SQUID_INK,1837,36,,,,,1840,30,,,,,1838.5,0.0
1,71200,SQUID_INK,1838,28,,,,,1842,28,,,,,1840.0,0.0
1,71300,SQUID_INK,1837,30,,,,,1839,8,1840.0,2.0,1841.0,28.0,1838.0,0.0
1,71400,SQUID_INK,1838,2,1837.0,25.0,,,1839,6,1841.0,27.0,,,1838.5,0.0
1,71500,SQUID_INK,1838,26,,,,,1840,5,1841.0,26.0,,,1839.0,0.0
1,71600,SQUID_INK,1841,31,,,,,1844,2,1845.0,29.0,,,1842.5,0.0
1,71700,SQUID_INK,1843,26,,,,,1846,26,,,,,1844.5,0.0
1,71800,SQUID_INK,1842,22,,,,,1845,22,,,,,1843.5,0.0
1,71900,SQUID_INK,1843,30,,,,,1846,30,,,,,1844.5,0.0
1,72000,SQUID_INK,1844,24,,,,,1847,24,,,,,1845.5,0.0
1,72100,SQUID_INK,1842,26,,,,,1845,26,,,,,1843.5,0.0
1,72200,SQUID_INK,1844,25,,,,,1847,25,,,,,1845.5,0.0
1,72300,SQUID_INK,1843,23,,,,,1845,3,1846.0,23.0,,,1844.0,0.0
1,72400,SQUID_INK,1843,25,,,,,1846,25,,,,,1844.5,0.0
1,72500,SQUID_INK,1844,4,1843.0,22.0,,,1847,22,,,,,1845.5,0.0
1,72600,SQUID_INK,1844,28,,,,,1847,28,,,,,1845.5,0.0
1,72700,SQUID_INK,1845,28,,,,,1848,28,,,,,1846.5,0.0
1,72800,SQUID_INK,1846,21,,,,,1849,29,,,,,1847.5,0.0
1,72900,SQUID_INK,1844,25,,,,,1847,23,,,,,1845.5,0.0
1,73000,SQUID_INK,1844,21,,,,,1846,8,1848.0,21.0,,,1845.0,0.0
1,73100,SQUID_INK,1844,28,,,,,1846,3,1847.0,1.0,1848.0,27.0,1845.0,0.0
1,73200,SQUID_INK,1843,24,,,,,1846,24,,,,,1844.5,0.0
1,73300,SQUID_INK,1843,25,,,,,1846,25,,,,,1844.5,0.0
1,73400,SQUID_INK,1841,30,,,,,1844,30,,,,,1842.5,0.0
1,73500,SQUID_INK,1839,25,,,,,1842,25,,,,,1840.5,0.0
1,73600,SQUID_INK,1838,30,,,,,1841,30,,,,,1839.5,0.0
1,73700,SQUID_INK,1838,25,,,,,1842,25,,,,,1840.0,0.0
1,73800,SQUID_INK,1838,22,,,,,1841,22,,,,,1839.5,0.0
1,73900,SQUID_INK,1837,27,,,,,1841,27,,,,,1839.0,0.0
1,74000,SQUID_INK,1838,6,1837.0,9.0,1836.0,27.0,1840,29,,,,,1839.0,0.0
1,74100,SQUID_INK,1838,3,1837.0,24.0,,,1840,24,,,,,1839.0,0.0
1,74200,SQUID_INK,1833,31,,,,,1834,7,1836.0,31.0,,,1833.5,0.0
1,74300,SQUID_INK,1832,27,,,,,1833,3,1835.0,27.0,,,1832.5,0.0
1,74400,SQUID_INK,1829,23,,,,,1832,2,1833.0,21.0,,,1830.5,0.0
1,74500,SQUID_INK,1832,1,1831.0,3.0,1830.0,26.0,1833,26,,,,,1832.5,0.0
1,74600,SQUID_INK,1830,30,,,,,1833,29,,,,,1831.5,0.0
1,74700,SQUID_INK,1831,27,,,,,1834,27,,,,,1832.5,0.0
1,74800,SQUID_INK,1831,27,,,,,1834,26,,,,,1832.5,0.0
1,74900,SQUID_INK,1831,28,,,,,1834,28,,,,,1832.5,0.0
1,75000,SQUID_INK,1830,22,,,,,1833,22,,,,,1831.5,0.0
1,75100,SQUID_INK,1831,28,,,,,1834,28,,,,,1832.5,0.0
1,75200,SQUID_INK,1830,38,,,,,1833,31,,,,,1831.5,0.0
1,75300,SQUID_INK,1830,27,,,,,1833,27,,,,,1831.5,0.0
1,75400,SQUID_INK,1830,25,,,,,1833,25,,,,,1831.5,0.0
1,75500,SQUID_INK,1831,23,,,,,1834,23,,,,,1832.5,0.0
1,75600,SQUID_INK,1830,25,,,,,1833,25,,,,,1831.5,0.0
1,75700,SQUID_INK,1833,1,1831.0,27.0,,,1834,27,,,,,1833.5,0.0
1,75800,SQUID_INK,1834,1,1832.0,29.0,,,1835,28,,,,,1834.5,0.0
1,75900,SQUID_INK,1833,24,,,,,1835,3,1836.0,24.0,,,1834.0,0.0
1,76000,SQUID_INK,1834,34,,,,,1837,31,,,,,1835.5,0.0
1,76100,SQUID_INK,1832,28,,,,,1835,28,,,,,1833.5,0.0
1,76200,SQUID_INK,1831,28,,,,,1834,28,,,,,1832.5,0.0
1,76300,SQUID_INK,1830,22,,,,,1833,22,,,,,1831.5,0.0
1,76400,SQUID_INK,1830,36,,,,,1833,28,,,,,1831.5,0.0
1,76500,SQUID_INK,1826,2,1825.0,28.0,,,1828,28,,,,,1827.0,0.0
1,76600,SQUID_INK,1825,29,,,,,1828,29,,,,,1826.5,0.0
1,76700,SQUID_INK,1826,30,,,,,1829,31,,,,,1827.5,0.0
1,76800,SQUID_INK,1820,25,,,,,1824,25,,,,,1822.0,0.0
1,76900,SQUID_INK,1820,34,,,,,1823,29,,,,,1821.5,0.0
1,77000,SQUID_INK,1815,28,,,,,1817,4,1819.0,28.0,,,1816.0,0.0
1,77100,SQUID_INK,1822,5,1821.0,1.0,1820.0,22.0,1824,22,,,,,1823.0,0.0
1,77200,SQUID_INK,1821,30,,,,,1825,30,,,,,1823.0,0.0
1,77300,SQUID_INK,1821,25,,,,,1824,26,,,,,1822.5,0.0
1,77400,SQUID_INK,1823,29,,,,,1824,3,1826.0,29.0,,,1823.5,0.0
1,77500,SQUID_INK,1823,24,,,,,1826,1,1827.0,23.0,,,1824.5,0.0
1,77600,SQUID_INK,1822,30,,,,,1825,30,,,,,1823.5,0.0
1,77700,SQUID_INK,1822,31,,,,,1825,1,1826.0,30.0,,,1823.5,0.0
1,77800,SQUID_INK,1822,31,,,,,1825,31,,,,,1823.5,0.0
1,77900,SQUID_INK,1824,1,1822.0,26.0,,,1825,26,,,,,1824.5,0.0
1,78000,SQUID_INK,1821,21,,,,,1824,21,,,,,1822.5,0.0
1,78100,SQUID_INK,1821,23,,,,,1824,24,,,,,1822.5,0.0
1,78200,SQUID_INK,1821,1,1819.0,29.0,,,1822,24,,,,,1821.5,0.0
1,78300,SQUID_INK,1819,25,,,,,1822,25,,,,,1820.5,0.0
1,78400,SQUID_INK,1820,25,,,,,1823,25,,,,,1821.5,0.0
1,78500,SQUID_INK,1820,29,,,,,1823,25,,,,,1821.5,0.0
1,78600,SQUID_INK,1821,25,,,,,1823,3,1824.0,2.0,1825.0,23.0,1822.0,0.0
1,78700,SQUID_INK,1821,26,,,,,1824,26,,,,,1822.5,0.0
1,78800,SQUID_INK,1821,29,,,,,1825,29,,,,,1823.0,0.0
1,78900,SQUID_INK,1821,26,,,,,1824,26,,,,,1822.5,0.0
1,79000,SQUID_INK,1820,29,,,,,1823,22,,,,,1821.5,0.0
1,79100,SQUID_INK,1820,20,,,,,1823,20,,,,,1821.5,0.0
1,79200,SQUID_INK,1821,26,,,,,1824,2,1825.0,24.0,,,1822.5,0.0
1,79300,SQUID_INK,1822,26,,,,,1825,21,,,,,1823.5,0.0
1,79400,SQUID_INK,1820,33,,,,,1823,29,,,,,1821.5,0.0
1,79500,SQUID_INK,1818,7,1816.0,28.0,,,1819,28,,,,,1818.5,0.0
1,79600,SQUID_INK,1814,25,,,,,1816,3,1817.0,25.0,,,1815.0,0.0
1,79700,SQUID_INK,1815,25,,,,,1819,25,,,,,1817.0,0.0
1,79800,SQUID_INK,1815,25,,,,,1818,25,,,,,1816.5,0.0
1,79900,SQUID_INK,1815,32,,,,,1818,29,,,,,1816.5,0.0
1,80000,SQUID_INK,1815,25,,,,,1818,26,,,,,1816.5,0.0
1,80100,SQUID_INK,1811,22,,,,,1814,22,,,,,1812.5,0.0
1,80200,SQUID_INK,1808,22,,,,,1812,22,,,,,1810.0,0.0
1,80300,SQUID_INK,1805,21,,,,,1806,6,1808.0,21.0,,,1805.5,0.0
1,80400,SQUID_INK,1804,25,,,,,1807,25,,,,,1805.5,0.0
1,80500,SQUID_INK,1805,20,,,,,1808,22,,,,,1806.5,0.0
1,80600,SQUID_INK,1801,31,,,,,1803,2,1804.0,31.0,,,1802.0,0.0
1,80700,SQUID_INK,1804,24,,,,,1807,24,,,,,1805.5,0.0
1,80800,SQUID_INK,1805,24,,,,,1807,6,1808.0,24.0,,,1806.0,0.0
1,80900,SQUID_INK,1806,28,,,,,1808,6,1809.0,28.0,,,1807.0,0.0
1,81000,SQUID_INK,1800,31,,,,,1803,31,,,,,1801.5,0.0
1,81100,SQUID_INK,1802,24,,,,,1805,24,,,,,1803.5,0.0
1,81200,SQUID_INK,1804,29,,,,,1807,29,,,,,1805.5,0.0
1,81300,SQUID_INK,1806,1,1805.0,2.0,1804.0,28.0,1808,30,,,,,1807.0,0.0
1,81400,SQUID_INK,1807,22,,,,,1810,1,1811.0,21.0,,,1808.5,0.0
1,81500,SQUID_INK,1807,22,,,,,1810,22,,,,,1808.5,0.0
1,81600,SQUID_INK,1808,28,,,,,1811,28,,,,,1809.5,0.0
1,81700,SQUID_INK,1807,26,,,,,1810,26,,,,,1808.5,0.0
1,81800,SQUID_INK,1812,21,,,,,1815,21,,,,,1813.5,0.0
1,81900,SQUID_INK,1811,28,,,,,1814,28,,,,,1812.5,0.0
1,82000,SQUID_INK,1812,25,,,,,1815,25,,,,,1813.5,0.0
1,82100,SQUID_INK,1810,26,,,,,1814,26,,,,,1812.0,0.0
1,82200,SQUID_INK,1810,31,,,,,1813,30,,,,,1811.5,0.0
1,82300,SQUID_INK,1809,32,,,,,1812,32,,,,,1810.5,0.0
1,82400,SQUID_INK,1810,22,,,,,1813,22,,,,,1811.5,0.0
1,82500,SQUID_INK,1801,24,,,,,1804,24,,,,,1802.5,0.0
1,82600,SQUID_INK,1803,31,,,,,1804,5,1805.0,3.0,1806.0,31.0,1803.5,0.0
1,82700,SQUID_INK,1805,32,,,,,1808,30,,,,,1806.5,0.0
1,82800,SQUID_INK,1804,21,,,,,1806,1,1807.0,21.0,,,1805.0,0.0
1,82900,SQUID_INK,1804,21,,,,,1807,21,,,,,1805.5,0.0
1,83000,SQUID_INK,1806,30,,,,,1809,30,,,,,1807.5,0.0
1,83100,SQUID_INK,1805,26,,,,,1808,26,,,,,1806.5,0.0
1,83200,SQUID_INK,1805,31,,,,,1808,31,,,,,1806.5,0.0
1,83300,SQUID_INK,1801,1,1800.0,22.0,,,1804,23,,,,,1802.5,0.0
1,83400,SQUID_INK,1804,25,,,,,1805,3,1807.0,25.0,,,1804.5,0.0
1,83500,SQUID_INK,1802,1,1800.0,30.0,,,1803,30,,,,,1802.5,0.0
1,83600,SQUID_INK,1803,24,,,,,1806,24,,,,,1804.5,0.0
1,83700,SQUID_INK,1802,27,,,,,1805,27,,,,,1803.5,0.0
1,83800,SQUID_INK,1800,22,,,,,1803,22,,,,,1801.5,0.0
1,83900,SQUID_INK,1799,26,,,,,1802,26,,,,,1800.5,0.0
1,84000,SQUID_INK,1798,20,,,,,1801,21,,,,,1799.5,0.0
1,84100,SQUID_INK,1800,30,,,,,1803,30,,,,,1801.5,0.0
1,84200,SQUID_INK,1798,31,,,,,1801,31,,,,,1799.5,0.0
1,84300,SQUID_INK,1797,25,,,,,1800,20,,,,,1798.5,0.0
1,84400,SQUID_INK,1797,28,,,,,1800,28,,,,,1798.5,0.0
1,84500,SQUID_INK,1797,29,,,,,1800,24,,,,,1798.5,0.0
1,84600,SQUID_INK,1795,30,,,,,1798,30,,,,,1796.5,0.0
1,84700,SQUID_INK,1799,25,,,,,1802,25,,,,,1800.5,0.0
1,84800,SQUID_INK,1799,26,,,,,1802,26,,,,,1800.5,0.0
1,84900,SQUID_INK,1801,22,,,,,1805,22,,,,,1803.0,0.0
1,85000,SQUID_INK,1802,24,,,,,1803,3,1805.0,24.0,,,1802.5,0.0
1,85100,SQUID_INK,1803,31,,,,,1806,31,,,,,1804.5,0.0
1,85200,SQUID_INK,1806,4,1805.0,21.0,,,1808,21,,,,,1807.0,0.0
1,85300,SQUID_INK,1807,30,,,,,1810,30,,,,,1808.5,0.0
1,85400,SQUID_INK,1808,22,,,,,1811,1,1812.0,21.0,,,1809.5,0.0
1,85500,SQUID_INK,1806,21,,,,,1808,5,1809.0,21.0,,,1807.0,0.0
1,85600,SQUID_INK,1806,29,,,,,1809,29,,,,,1807.5,0.0
1,85700,SQUID_INK,1806,28,,,,,1809,28,,,,,1807.5,0.0
1,85800,SQUID_INK,1808,23,,,,,1811,25,,,,,1809.5,0.0
1,85900,SQUID_INK,1813,23,,,,,1816,23,,,,,1814.5,0.0
1,86000,SQUID_INK,1815,4,1814.0,23.0,,,1817,22,,,,,1816.0,0.0
1,86100,SQUID_INK,1812,28,,,,,1815,28,,,,,1813.5,0.0
1,86200,SQUID_INK,1814,27,,,,,1818,28,,,,,1816.0,0.0
1,86300,SQUID_INK,1813,37,,,,,1816,32,,,,,1814.5,0.0
1,86400,SQUID_INK,1812,2,1811.0,23.0,,,1815,25,,,,,1813.5,0.0
1,86500,SQUID_INK,1811,27,,,,,1814,21,,,,,1812.5,0.0
1,86600,SQUID_INK,1811,29,,,,,1814,30,,,,,1812.5,0.0
1,86700,SQUID_INK,1812,3,1810.0,28.0,,,1814,28,,,,,1813.0,0.0
1,86800,SQUID_INK,1810,30,,,,,1813,30,,,,,1811.5,0.0
1,86900,SQUID_INK,1810,28,,,,,1811,1,1813.0,28.0,,,1810.5,0.0
1,87000,SQUID_INK,1809,27,,,,,1812,1,1813.0,26.0,,,1810.5,0.0
1,87100,SQUID_INK,1810,27,,,,,1813,27,,,,,1811.5,0.0
1,87200,SQUID_INK,1808,23,,,,,1811,23,,,,,1809.5,0.0
1,87300,SQUID_INK,1807,2,1806.0,27.0,,,1810,29,,,,,1808.5,0.0
1,87400,SQUID_INK,1808,29,,,,,1811,30,,,,,1809.5,0.0
1,87500,SQUID_INK,1808,22,,,,,1811,22,,,,,1809.5,0.0
1,87600,SQUID_INK,1809,1,1808.0,4.0,1807.0,31.0,1810,31,,,,,1809.5,0.0
1,87700,SQUID_INK,1809,25,,,,,1812,25,,,,,1810.5,0.0
1,87800,SQUID_INK,1806,39,,,,,1809,31,,,,,1807.5,0.0
1,87900,SQUID_INK,1809,1,1807.0,23.0,,,1810,23,,,,,1809.5,0.0
1,88000,SQUID_INK,1806,28,,,,,1809,28,,,,,1807.5,0.0
1,88100,SQUID_INK,1809,29,,,,,1812,29,,,,,1810.5,0.0
1,88200,SQUID_INK,1805,22,,,,,1808,22,,,,,1806.5,0.0
1,88300,SQUID_INK,1807,10,1805.0,37.0,,,1808,30,,,,,1807.5,0.0
1,88400,SQUID_INK,1807,24,,,,,1808,2,1810.0,24.0,,,1807.5,0.0
1,88500,SQUID_INK,1806,22,,,,,1809,22,,,,,1807.5,0.0
1,88600,SQUID_INK,1806,30,,,,,1807,4,1808.0,2.0,1809.0,30.0,1806.5,0.0
1,88700,SQUID_INK,1807,32,,,,,1810,27,,,,,1808.5,0.0
1,88800,SQUID_INK,1807,2,1806.0,29.0,,,1809,2,1810.0,27.0,,,1808.0,0.0
1,88900,SQUID_INK,1807,27,,,,,1810,27,,,,,1808.5,0.0
1,89000,SQUID_INK,1807,24,,,,,1810,24,,,,,1808.5,0.0
1,89100,SQUID_INK,1807,24,,,,,1810,21,,,,,1808.5,0.0
1,89200,SQUID_INK,1807,26,,,,,1809,1,1810.0,26.0,,,1808.0,0.0
1,89300,SQUID_INK,1806,29,,,,,1809,26,,,,,1807.5,0.0
1,89400,SQUID_INK,1806,38,,,,,1809,31,,,,,1807.5,0.0
1,89500,SQUID_INK,1806,32,,,,,1809,32,,,,,1807.5,0.0
1,89600,SQUID_INK,1805,25,,,,,1806,1,1808.0,2.0,1809.0,23.0,1805.5,0.0
1,89700,SQUID_INK,1806,23,,,,,1809,23,,,,,1807.5,0.0
1,89800,SQUID_INK,1806,1,1805.0,8.0,1804.0,27.0,1807,27,,,,,1806.5,0.0
1,89900,SQUID_INK,1806,30,,,,,1809,30,,,,,1807.5,0.0
1,90000,SQUID_INK,1805,2,1804.0,22.0,,,1808,22,,,,,1806.5,0.0
1,90100,SQUID_INK,1805,22,,,,,1806,8,1808.0,22.0,,,1805.5,0.0
1,90200,SQUID_INK,1804,2,1803.0,24.0,,,1805,6,1807.0,26.0,,,1804.5,0.0
1,90300,SQUID_INK,1805,31,,,,,1808,28,,,,,1806.5,0.0
1,90400,SQUID_INK,1806,26,,,,,1808,7,1809.0,26.0,,,1807.0,0.0
1,90500,SQUID_INK,1808,8,1807.0,28.0,,,1810,28,,,,,1809.0,0.0
1,90600,SQUID_INK,1806,23,,,,,1809,23,,,,,1807.5,0.0
1,90700,SQUID_INK,1806,20,,,,,1809,20,,,,,1807.5,0.0
1,90800,SQUID_INK,1806,1,1805.0,25.0,,,1809,26,,,,,1807.5,0.0
1,90900,SQUID_INK,1804,22,,,,,1808,22,,,,,1806.0,0.0
1,91000,SQUID_INK,1804,2,1803.0,30.0,,,1807,32,,,,,1805.5,0.0
1,91100,SQUID_INK,1803,26,,,,,1806,26,,,,,1804.5,0.0
1,91200,SQUID_INK,1802,21,,,,,1804,4,1805.0,1.0,1806.0,20.0,1803.0,0.0
1,91300,SQUID_INK,1800,22,,,,,1802,7,1804.0,22.0,,,1801.0,0.0
1,91400,SQUID_INK,1801,26,,,,,1804,26,,,,,1802.5,0.0
1,91500,SQUID_INK,1802,29,,,,,1805,27,,,,,1803.5,0.0
1,91600,SQUID_INK,1801,3,1800.0,25.0,,,1803,22,,,,,1802.0,0.0
1,91700,SQUID_INK,1803,26,,,,,1806,26,,,,,1804.5,0.0
1,91800,SQUID_INK,1807,5,1806.0,21.0,,,1809,21,,,,,1808.0,0.0
1,91900,SQUID_INK,1809,3,1807.0,30.0,,,1810,30,,,,,1809.5,0.0
1,92000,SQUID_INK,1807,30,,,,,1810,24,,,,,1808.5,0.0
1,92100,SQUID_INK,1807,31,,,,,1810,31,,,,,1808.5,0.0
1,92200,SQUID_INK,1807,29,,,,,1810,29,,,,,1808.5,0.0
1,92300,SQUID_INK,1807,24,,,,,1810,25,,,,,1808.5,0.0
1,92400,SQUID_INK,1808,21,,,,,1811,21,,,,,1809.5,0.0
1,92500,SQUID_INK,1808,29,,,,,1811,29,,,,,1809.5,0.0
1,92600,SQUID_INK,1810,26,,,,,1813,27,,,,,1811.5,0.0
1,92700,SQUID_INK,1811,27,,,,,1813,7,1814.0,27.0,,,1812.0,0.0
1,92800,SQUID_INK,1813,30,,,,,1816,30,,,,,1814.5,0.0
1,92900,SQUID_INK,1812,32,,,,,1815,30,,,,,1813.5,0.0
1,93000,SQUID_INK,1811,23,,,,,1815,23,,,,,1813.0,0.0
1,93100,SQUID_INK,1811,2,1810.0,25.0,,,1812,2,1814.0,27.0,,,1811.5,0.0
1,93200,SQUID_INK,1810,23,,,,,1813,23,,,,,1811.5,0.0
1,93300,SQUID_INK,1810,23,,,,,1811,7,1813.0,23.0,,,1810.5,0.0
1,93400,SQUID_INK,1811,23,,,,,1814,23,,,,,1812.5,0.0
1,93500,SQUID_INK,1817,5,1815.0,29.0,,,1818,29,,,,,1817.5,0.0
1,93600,SQUID_INK,1815,29,,,,,1818,29,,,,,1816.5,0.0
1,93700,SQUID_INK,1818,30,,,,,1821,30,,,,,1819.5,0.0
1,93800,SQUID_INK,1815,21,,,,,1816,6,1818.0,21.0,,,1815.5,0.0
1,93900,SQUID_INK,1814,29,,,,,1817,29,,,,,1815.5,0.0
1,94000,SQUID_INK,1815,30,,,,,1818,22,,,,,1816.5,0.0
1,94100,SQUID_INK,1814,31,,,,,1817,31,,,,,1815.5,0.0
1,94200,SQUID_INK,1814,28,,,,,1816,3,1817.0,28.0,,,1815.0,0.0
1,94300,SQUID_INK,1815,31,,,,,1818,31,,,,,1816.5,0.0
1,94400,SQUID_INK,1815,23,,,,,1818,23,,,,,1816.5,0.0
1,94500,SQUID_INK,1812,21,,,,,1815,21,,,,,1813.5,0.0
1,94600,SQUID_INK,1813,2,1812.0,28.0,,,1815,28,,,,,1814.0,0.0
1,94700,SQUID_INK,1819,1,1818.0,1.0,1817.0,20.0,1821,21,,,,,1820.0,0.0
1,94800,SQUID_INK,1815,23,,,,,1818,23,,,,,1816.5,0.0
1,94900,SQUID_INK,1818,28,,,,,1821,28,,,,,1819.5,0.0
1,95000,SQUID_INK,1816,36,,,,,1819,30,,,,,1817.5,0.0
1,95100,SQUID_INK,1816,1,1814.0,22.0,,,1817,22,,,,,1816.5,0.0
1,95200,SQUID_INK,1815,29,,,,,1818,29,,,,,1816.5,0.0
1,95300,SQUID_INK,1815,26,,,,,1817,4,1818.0,26.0,,,1816.0,0.0
1,95400,SQUID_INK,1814,30,,,,,1816,1,1817.0,2.0,1818.0,28.0,1815.0,0.0
1,95500,SQUID_INK,1813,21,,,,,1815,3,1816.0,21.0,,,1814.0,0.0
1,95600,SQUID_INK,1813,21,,,,,1816,21,,,,,1814.5,0.0
1,95700,SQUID_INK,1815,29,,,,,1818,29,,,,,1816.5,0.0
1,95800,SQUID_INK,1813,21,,,,,1816,22,,,,,1814.5,0.0
1,95900,SQUID_INK,1814,1,1813.0,3.0,1812.0,22.0,1816,24,,,,,1815.0,0.0
1,96000,SQUID_INK,1815,1,1813.0,21.0,,,1816,21,,,,,1815.5,0.0
1,96100,SQUID_INK,1814,26,,,,,1817,27,,,,,1815.5,0.0
1,96200,SQUID_INK,1814,21,,,,,1817,21,,,,,1815.5,0.0
1,96300,SQUID_INK,1814,23,,,,,1817,23,,,,,1815.5,0.0
1,96400,SQUID_INK,1816,7,1815.0,27.0,,,1818,27,,,,,1817.0,0.0
1,96500,SQUID_INK,1815,6,1814.0,27.0,,,1817,27,,,,,1816.0,0.0
1,96600,SQUID_INK,1815,3,1814.0,1.0,1813.0,24.0,1817,25,,,,,1816.0,0.0
1,96700,SQUID_INK,1813,32,,,,,1815,2,1816.0,2.0,1817.0,30.0,1814.0,0.0
1,96800,SQUID_INK,1813,34,,,,,1816,30,,,,,1814.5,0.0
1,96900,SQUID_INK,1814,23,,,,,1817,23,,,,,1815.5,0.0
1,97000,SQUID_INK,1814,25,,,,,1817,25,,,,,1815.5,0.0
1,97100,SQUID_INK,1815,29,,,,,1817,8,1819.0,29.0,,,1816.0,0.0
1,97200,SQUID_INK,1813,15,,,,,1816,20,,,,,1814.5,0.0
1,97300,SQUID_INK,1814,1,1812.0,27.0,,,1815,21,,,,,1814.5,0.0
1,97400,SQUID_INK,1816,1,1814.0,30.0,,,1818,30,,,,,1817.0,0.0
1,97500,SQUID_INK,1813,24,,,,,1816,24,,,,,1814.5,0.0
1,97600,SQUID_INK,1816,4,1815.0,27.0,,,1818,27,,,,,1817.0,0.0
1,97700,SQUID_INK,1815,29,,,,,1818,2,1819.0,27.0,,,1816.5,0.0
1,97800,SQUID_INK,1814,28,,,,,1816,7,1817.0,2.0,1818.0,26.0,1815.0,0.0
1,97900,SQUID_INK,1814,23,,,,,1817,23,,,,,1815.5,0.0
1,98000,SQUID_INK,1814,27,,,,,1817,27,,,,,1815.5,0.0
1,98100,SQUID_INK,1814,29,,,,,1816,3,1817.0,30.0,,,1815.0,0.0
1,98200,SQUID_INK,1814,29,,,,,1817,29,,,,,1815.5,0.0
1,98300,SQUID_INK,1815,21,,,,,1816,3,1818.0,21.0,,,1815.5,0.0
1,98400,SQUID_INK,1815,28,,,,,1818,28,,,,,1816.5,0.0
1,98500,SQUID_INK,1816,32,,,,,1819,32,,,,,1817.5,0.0
1,98600,SQUID_INK,1814,24,,,,,1817,24,,,,,1815.5,0.0
1,98700,SQUID_INK,1813,26,,,,,1816,26,,,,,1814.5,0.0
1,98800,SQUID_INK,1812,25,,,,,1815,25,,,,,1813.5,0.0
1,98900,SQUID_INK,1813,29,,,,,1816,25,,,,,1814.5,0.0
1,99000,SQUID_INK,1809,28,,,,,1812,28,,,,,1810.5,0.0
1,99100,SQUID_INK,1811,22,,,,,1814,22,,,,,1812.5,0.0
1,99200,SQUID_INK,1811,26,,,,,1814,26,,,,,1812.5,0.0
1,99300,SQUID_INK,1814,1,1813.0,2.0,1812.0,21.0,1816,23,,,,,1815.0,0.0
1,99400,SQUID_INK,1813,1,1812.0,29.0,,,1816,30,,,,,1814.5,0.0
1,99500,SQUID_INK,1814,20,,,,,1818,20,,,,,1816.0,0.0
1,99600,SQUID_INK,1815,28,,,,,1818,28,,,,,1816.5,0.0
1,99700,SQUID_INK,1813,26,,,,,1817,26,,,,,1815.0,0.0
1,99800,SQUID_INK,1814,26,,,,,1817,26,,,,,1815.5,0.0
1,99900,SQUID_INK,1816,27,,,,,1819,28,,,,,1817.5,0.0
